[{"timestamp":"12:26:10","value":38.53,"type":"T","site":"Bsf","ip_address":"42.234.147.119","_id":"31323a32363a313034322e3233342e3134372e31313954"},
{"timestamp":"7:36:01","value":95.85,"type":"P","site":"Sca","ip_address":"159.124.239.182","_id":"373a33363a30313135392e3132342e3233392e31383250"},
{"timestamp":"13:59:40","value":27.97,"type":"P","site":"Man","ip_address":"165.32.31.193","_id":"31333a35393a34303136352e33322e33312e31393350"},
{"timestamp":"9:30:41","value":16.59,"type":"C","site":"Man","ip_address":"40.146.95.8","_id":"393a33303a343134302e3134362e39352e3843"},
{"timestamp":"7:45:46","value":46.25,"type":"T","site":"Man","ip_address":"13.160.102.24","_id":"373a34353a343631332e3136302e3130322e323454"},
{"timestamp":"8:22:16","value":4.48,"type":"H","site":"Bsf","ip_address":"109.137.53.82","_id":"383a32323a31363130392e3133372e35332e383248"},
{"timestamp":"12:34:40","value":36.97,"type":"C","site":"Bsf","ip_address":"81.39.32.73","_id":"31323a33343a343038312e33392e33322e373343"},
{"timestamp":"23:06:14","value":9.99,"type":"C","site":"Sca","ip_address":"241.152.48.168","_id":"32333a30363a31343234312e3135322e34382e31363843"},
{"timestamp":"2:35:11","value":74.95,"type":"T","site":"Sca","ip_address":"135.12.106.222","_id":"323a33353a31313133352e31322e3130362e32323254"},
{"timestamp":"5:01:06","value":30.18,"type":"H","site":"Man","ip_address":"74.238.51.198","_id":"353a30313a303637342e3233382e35312e31393848"},
{"timestamp":"2:56:16","value":16.08,"type":"H","site":"Man","ip_address":"107.88.30.140","_id":"323a35363a31363130372e38382e33302e31343048"},
{"timestamp":"19:10:02","value":80.45,"type":"P","site":"Bsf","ip_address":"69.171.212.185","_id":"31393a31303a303236392e3137312e3231322e31383550"},
{"timestamp":"16:05:15","value":86.91,"type":"T","site":"Bsf","ip_address":"88.23.25.158","_id":"31363a30353a313538382e32332e32352e31353854"},
{"timestamp":"22:28:30","value":70.25,"type":"C","site":"Bsf","ip_address":"225.218.189.218","_id":"32323a32383a33303232352e3231382e3138392e32313843"},
{"timestamp":"14:14:23","value":59.83,"type":"P","site":"Bsf","ip_address":"236.96.247.171","_id":"31343a31343a32333233362e39362e3234372e31373150"},
{"timestamp":"23:01:16","value":21.48,"type":"C","site":"Ben","ip_address":"122.8.136.209","_id":"32333a30313a31363132322e382e3133362e32303943"},
{"timestamp":"0:23:44","value":31.09,"type":"P","site":"Ben","ip_address":"12.95.185.171","_id":"303a32333a343431322e39352e3138352e31373150"},
{"timestamp":"21:44:16","value":20.58,"type":"P","site":"Sca","ip_address":"117.152.103.100","_id":"32313a34343a31363131372e3135322e3130332e31303050"},
{"timestamp":"14:31:55","value":87.53,"type":"T","site":"Sca","ip_address":"114.141.201.250","_id":"31343a33313a35353131342e3134312e3230312e32353054"},
{"timestamp":"1:44:53","value":34.14,"type":"C","site":"Sca","ip_address":"83.226.128.198","_id":"313a34343a353338332e3232362e3132382e31393843"},
{"timestamp":"9:53:32","value":27.17,"type":"H","site":"Ben","ip_address":"62.59.117.32","_id":"393a35333a333236322e35392e3131372e333248"},
{"timestamp":"13:27:35","value":96.02,"type":"P","site":"Bsf","ip_address":"229.83.150.9","_id":"31333a32373a33353232392e38332e3135302e3950"},
{"timestamp":"7:38:14","value":87.28,"type":"C","site":"Sca","ip_address":"84.143.78.13","_id":"373a33383a313438342e3134332e37382e313343"},
{"timestamp":"10:54:42","value":3.93,"type":"P","site":"Ben","ip_address":"176.46.41.237","_id":"31303a35343a34323137362e34362e34312e32333750"},
{"timestamp":"9:37:06","value":61.34,"type":"P","site":"Man","ip_address":"61.64.146.253","_id":"393a33373a303636312e36342e3134362e32353350"},
{"timestamp":"4:58:37","value":98.68,"type":"P","site":"Bsf","ip_address":"80.160.229.105","_id":"343a35383a333738302e3136302e3232392e31303550"},
{"timestamp":"11:35:09","value":80.68,"type":"H","site":"Man","ip_address":"229.104.46.149","_id":"31313a33353a30393232392e3130342e34362e31343948"},
{"timestamp":"2:03:17","value":30.47,"type":"P","site":"Ben","ip_address":"66.18.155.73","_id":"323a30333a313736362e31382e3135352e373350"},
{"timestamp":"21:00:41","value":36.64,"type":"P","site":"Sca","ip_address":"111.207.190.131","_id":"32313a30303a34313131312e3230372e3139302e31333150"},
{"timestamp":"2:35:49","value":2.17,"type":"T","site":"Sca","ip_address":"91.158.10.83","_id":"323a33353a343939312e3135382e31302e383354"},
{"timestamp":"14:24:56","value":52.72,"type":"P","site":"Man","ip_address":"189.255.7.68","_id":"31343a32343a35363138392e3235352e372e363850"},
{"timestamp":"12:17:48","value":60.47,"type":"P","site":"Ben","ip_address":"233.96.62.205","_id":"31323a31373a34383233332e39362e36322e32303550"},
{"timestamp":"18:02:52","value":8.43,"type":"C","site":"Ben","ip_address":"131.15.30.29","_id":"31383a30323a35323133312e31352e33302e323943"},
{"timestamp":"12:52:20","value":14.91,"type":"C","site":"Ben","ip_address":"207.202.117.214","_id":"31323a35323a32303230372e3230322e3131372e32313443"},
{"timestamp":"17:42:49","value":79.81,"type":"P","site":"Sca","ip_address":"125.83.62.155","_id":"31373a34323a34393132352e38332e36322e31353550"},
{"timestamp":"14:49:53","value":76.81,"type":"P","site":"Ben","ip_address":"127.223.102.181","_id":"31343a34393a35333132372e3232332e3130322e31383150"},
{"timestamp":"18:36:55","value":60.27,"type":"C","site":"Ben","ip_address":"208.188.83.80","_id":"31383a33363a35353230382e3138382e38332e383043"},
{"timestamp":"18:09:39","value":60.8,"type":"P","site":"Bsf","ip_address":"227.92.154.193","_id":"31383a30393a33393232372e39322e3135342e31393350"},
{"timestamp":"4:21:59","value":77.13,"type":"H","site":"Ben","ip_address":"117.239.77.93","_id":"343a32313a35393131372e3233392e37372e393348"},
{"timestamp":"10:00:57","value":51.39,"type":"C","site":"Man","ip_address":"41.121.252.133","_id":"31303a30303a353734312e3132312e3235322e31333343"},
{"timestamp":"3:31:15","value":80.0,"type":"P","site":"Sca","ip_address":"54.101.232.208","_id":"333a33313a313535342e3130312e3233322e32303850"},
{"timestamp":"5:07:57","value":7.07,"type":"P","site":"Ben","ip_address":"117.21.26.217","_id":"353a30373a35373131372e32312e32362e32313750"},
{"timestamp":"0:54:56","value":29.79,"type":"T","site":"Man","ip_address":"247.143.153.182","_id":"303a35343a35363234372e3134332e3135332e31383254"},
{"timestamp":"18:31:18","value":26.93,"type":"T","site":"Ben","ip_address":"212.55.49.69","_id":"31383a33313a31383231322e35352e34392e363954"},
{"timestamp":"2:49:23","value":35.17,"type":"P","site":"Sca","ip_address":"5.209.186.210","_id":"323a34393a3233352e3230392e3138362e32313050"},
{"timestamp":"4:24:59","value":28.79,"type":"H","site":"Sca","ip_address":"59.58.12.205","_id":"343a32343a353935392e35382e31322e32303548"},
{"timestamp":"0:18:38","value":75.68,"type":"P","site":"Ben","ip_address":"59.186.144.137","_id":"303a31383a333835392e3138362e3134342e31333750"},
{"timestamp":"1:19:57","value":91.35,"type":"T","site":"Ben","ip_address":"91.221.245.169","_id":"313a31393a353739312e3232312e3234352e31363954"},
{"timestamp":"20:52:35","value":29.62,"type":"T","site":"Bsf","ip_address":"1.154.246.209","_id":"32303a35323a3335312e3135342e3234362e32303954"},
{"timestamp":"11:59:13","value":56.47,"type":"T","site":"Sca","ip_address":"166.76.166.239","_id":"31313a35393a31333136362e37362e3136362e32333954"},
{"timestamp":"3:26:02","value":90.48,"type":"C","site":"Sca","ip_address":"62.62.69.45","_id":"333a32363a303236322e36322e36392e343543"},
{"timestamp":"10:29:43","value":57.96,"type":"C","site":"Man","ip_address":"87.188.128.215","_id":"31303a32393a343338372e3138382e3132382e32313543"},
{"timestamp":"13:28:00","value":73.58,"type":"T","site":"Sca","ip_address":"20.223.46.9","_id":"31333a32383a303032302e3232332e34362e3954"},
{"timestamp":"15:21:38","value":81.9,"type":"C","site":"Sca","ip_address":"82.18.192.181","_id":"31353a32313a333838322e31382e3139322e31383143"},
{"timestamp":"0:50:57","value":96.4,"type":"P","site":"Ben","ip_address":"89.168.138.212","_id":"303a35303a353738392e3136382e3133382e32313250"},
{"timestamp":"11:56:29","value":70.67,"type":"P","site":"Bsf","ip_address":"96.115.107.198","_id":"31313a35363a323939362e3131352e3130372e31393850"},
{"timestamp":"4:47:41","value":6.16,"type":"C","site":"Sca","ip_address":"59.27.108.46","_id":"343a34373a343135392e32372e3130382e343643"},
{"timestamp":"11:55:11","value":31.27,"type":"P","site":"Ben","ip_address":"164.74.173.205","_id":"31313a35353a31313136342e37342e3137332e32303550"},
{"timestamp":"8:53:30","value":85.58,"type":"P","site":"Bsf","ip_address":"134.197.162.166","_id":"383a35333a33303133342e3139372e3136322e31363650"},
{"timestamp":"8:07:05","value":9.42,"type":"P","site":"Sca","ip_address":"175.177.39.242","_id":"383a30373a30353137352e3137372e33392e32343250"},
{"timestamp":"5:47:28","value":81.77,"type":"P","site":"Sca","ip_address":"68.13.153.165","_id":"353a34373a323836382e31332e3135332e31363550"},
{"timestamp":"13:47:57","value":82.1,"type":"P","site":"Ben","ip_address":"2.109.190.199","_id":"31333a34373a3537322e3130392e3139302e31393950"},
{"timestamp":"14:41:57","value":6.81,"type":"H","site":"Bsf","ip_address":"247.230.54.246","_id":"31343a34313a35373234372e3233302e35342e32343648"},
{"timestamp":"22:20:49","value":58.81,"type":"H","site":"Sca","ip_address":"145.177.250.137","_id":"32323a32303a34393134352e3137372e3235302e31333748"},
{"timestamp":"3:53:03","value":72.89,"type":"T","site":"Bsf","ip_address":"239.35.7.222","_id":"333a35333a30333233392e33352e372e32323254"},
{"timestamp":"10:56:42","value":74.39,"type":"C","site":"Sca","ip_address":"15.203.191.114","_id":"31303a35363a343231352e3230332e3139312e31313443"},
{"timestamp":"12:19:44","value":47.4,"type":"P","site":"Bsf","ip_address":"164.176.82.50","_id":"31323a31393a34343136342e3137362e38322e353050"},
{"timestamp":"22:46:44","value":94.26,"type":"P","site":"Sca","ip_address":"243.178.46.219","_id":"32323a34363a34343234332e3137382e34362e32313950"},
{"timestamp":"23:12:44","value":64.64,"type":"C","site":"Ben","ip_address":"243.134.207.221","_id":"32333a31323a34343234332e3133342e3230372e32323143"},
{"timestamp":"7:09:05","value":78.46,"type":"H","site":"Ben","ip_address":"152.124.26.176","_id":"373a30393a30353135322e3132342e32362e31373648"},
{"timestamp":"2:02:59","value":50.0,"type":"C","site":"Sca","ip_address":"148.236.169.142","_id":"323a30323a35393134382e3233362e3136392e31343243"},
{"timestamp":"9:05:24","value":37.2,"type":"T","site":"Man","ip_address":"130.179.60.201","_id":"393a30353a32343133302e3137392e36302e32303154"},
{"timestamp":"14:23:45","value":49.0,"type":"T","site":"Sca","ip_address":"251.200.37.30","_id":"31343a32333a34353235312e3230302e33372e333054"},
{"timestamp":"3:33:49","value":84.57,"type":"C","site":"Sca","ip_address":"123.166.101.49","_id":"333a33333a34393132332e3136362e3130312e343943"},
{"timestamp":"14:13:02","value":40.96,"type":"P","site":"Bsf","ip_address":"42.10.45.191","_id":"31343a31333a303234322e31302e34352e31393150"},
{"timestamp":"1:47:58","value":3.89,"type":"H","site":"Ben","ip_address":"212.238.182.196","_id":"313a34373a35383231322e3233382e3138322e31393648"},
{"timestamp":"0:26:57","value":4.72,"type":"T","site":"Sca","ip_address":"154.208.172.222","_id":"303a32363a35373135342e3230382e3137322e32323254"},
{"timestamp":"2:00:45","value":45.87,"type":"P","site":"Man","ip_address":"228.169.127.245","_id":"323a30303a34353232382e3136392e3132372e32343550"},
{"timestamp":"21:00:14","value":1.97,"type":"P","site":"Sca","ip_address":"10.74.76.145","_id":"32313a30303a313431302e37342e37362e31343550"},
{"timestamp":"20:03:00","value":6.65,"type":"P","site":"Bsf","ip_address":"79.4.42.112","_id":"32303a30333a303037392e342e34322e31313250"},
{"timestamp":"20:54:59","value":86.76,"type":"P","site":"Ben","ip_address":"124.207.204.79","_id":"32303a35343a35393132342e3230372e3230342e373950"},
{"timestamp":"12:51:18","value":51.87,"type":"T","site":"Man","ip_address":"122.121.46.242","_id":"31323a35313a31383132322e3132312e34362e32343254"},
{"timestamp":"16:46:40","value":59.3,"type":"T","site":"Man","ip_address":"250.181.79.165","_id":"31363a34363a34303235302e3138312e37392e31363554"},
{"timestamp":"12:54:37","value":15.71,"type":"T","site":"Sca","ip_address":"5.78.251.144","_id":"31323a35343a3337352e37382e3235312e31343454"},
{"timestamp":"12:10:11","value":33.29,"type":"H","site":"Ben","ip_address":"103.220.7.83","_id":"31323a31303a31313130332e3232302e372e383348"},
{"timestamp":"3:43:35","value":54.88,"type":"P","site":"Sca","ip_address":"234.230.151.235","_id":"333a34333a33353233342e3233302e3135312e32333550"},
{"timestamp":"20:05:09","value":10.47,"type":"H","site":"Man","ip_address":"205.27.182.100","_id":"32303a30353a30393230352e32372e3138322e31303048"},
{"timestamp":"22:00:45","value":77.87,"type":"T","site":"Sca","ip_address":"78.49.229.172","_id":"32323a30303a343537382e34392e3232392e31373254"},
{"timestamp":"1:26:02","value":95.06,"type":"P","site":"Bsf","ip_address":"228.130.165.216","_id":"313a32363a30323232382e3133302e3136352e32313650"},
{"timestamp":"4:44:34","value":52.31,"type":"P","site":"Sca","ip_address":"99.111.68.13","_id":"343a34343a333439392e3131312e36382e313350"},
{"timestamp":"14:41:34","value":46.8,"type":"P","site":"Sca","ip_address":"80.186.95.71","_id":"31343a34313a333438302e3138362e39352e373150"},
{"timestamp":"20:12:57","value":30.47,"type":"C","site":"Bsf","ip_address":"16.48.236.19","_id":"32303a31323a353731362e34382e3233362e313943"},
{"timestamp":"1:34:12","value":39.78,"type":"T","site":"Sca","ip_address":"251.27.146.60","_id":"313a33343a31323235312e32372e3134362e363054"},
{"timestamp":"4:59:04","value":89.73,"type":"C","site":"Sca","ip_address":"174.106.6.234","_id":"343a35393a30343137342e3130362e362e32333443"},
{"timestamp":"14:32:08","value":84.77,"type":"H","site":"Man","ip_address":"113.237.217.182","_id":"31343a33323a30383131332e3233372e3231372e31383248"},
{"timestamp":"14:21:10","value":17.95,"type":"P","site":"Man","ip_address":"15.97.195.95","_id":"31343a32313a313031352e39372e3139352e393550"},
{"timestamp":"19:04:05","value":20.27,"type":"P","site":"Sca","ip_address":"29.206.166.174","_id":"31393a30343a303532392e3230362e3136362e31373450"},
{"timestamp":"22:19:52","value":25.04,"type":"P","site":"Sca","ip_address":"56.45.209.212","_id":"32323a31393a353235362e34352e3230392e32313250"},
{"timestamp":"3:00:08","value":17.26,"type":"P","site":"Sca","ip_address":"63.175.195.181","_id":"333a30303a303836332e3137352e3139352e31383150"},
{"timestamp":"1:28:12","value":5.39,"type":"P","site":"Sca","ip_address":"25.232.183.91","_id":"313a32383a313232352e3233322e3138332e393150"},
{"timestamp":"12:36:13","value":1.96,"type":"T","site":"Man","ip_address":"67.158.90.149","_id":"31323a33363a313336372e3135382e39302e31343954"},
{"timestamp":"20:26:00","value":43.38,"type":"P","site":"Bsf","ip_address":"30.84.93.248","_id":"32303a32363a303033302e38342e39332e32343850"},
{"timestamp":"9:03:15","value":94.29,"type":"P","site":"Man","ip_address":"230.231.94.107","_id":"393a30333a31353233302e3233312e39342e31303750"},
{"timestamp":"10:14:20","value":61.77,"type":"P","site":"Ben","ip_address":"78.117.154.101","_id":"31303a31343a323037382e3131372e3135342e31303150"},
{"timestamp":"21:37:55","value":22.83,"type":"P","site":"Ben","ip_address":"224.127.239.197","_id":"32313a33373a35353232342e3132372e3233392e31393750"},
{"timestamp":"6:09:18","value":82.8,"type":"C","site":"Bsf","ip_address":"138.184.245.72","_id":"363a30393a31383133382e3138342e3234352e373243"},
{"timestamp":"6:53:09","value":38.33,"type":"H","site":"Bsf","ip_address":"85.99.141.70","_id":"363a35333a303938352e39392e3134312e373048"},
{"timestamp":"21:10:21","value":76.17,"type":"T","site":"Bsf","ip_address":"37.163.24.142","_id":"32313a31303a323133372e3136332e32342e31343254"},
{"timestamp":"4:17:35","value":58.81,"type":"C","site":"Sca","ip_address":"13.187.234.86","_id":"343a31373a333531332e3138372e3233342e383643"},
{"timestamp":"7:58:20","value":70.1,"type":"H","site":"Sca","ip_address":"204.160.156.12","_id":"373a35383a32303230342e3136302e3135362e313248"},
{"timestamp":"12:31:40","value":16.88,"type":"H","site":"Sca","ip_address":"164.182.248.187","_id":"31323a33313a34303136342e3138322e3234382e31383748"},
{"timestamp":"11:57:48","value":99.04,"type":"P","site":"Ben","ip_address":"85.154.82.163","_id":"31313a35373a343838352e3135342e38322e31363350"},
{"timestamp":"10:27:28","value":16.47,"type":"P","site":"Ben","ip_address":"245.111.27.187","_id":"31303a32373a32383234352e3131312e32372e31383750"},
{"timestamp":"10:21:31","value":89.43,"type":"H","site":"Sca","ip_address":"54.204.83.15","_id":"31303a32313a333135342e3230342e38332e313548"},
{"timestamp":"6:10:36","value":71.85,"type":"P","site":"Sca","ip_address":"10.31.98.210","_id":"363a31303a333631302e33312e39382e32313050"},
{"timestamp":"13:51:15","value":13.43,"type":"T","site":"Sca","ip_address":"98.160.57.228","_id":"31333a35313a313539382e3136302e35372e32323854"},
{"timestamp":"23:54:42","value":54.53,"type":"T","site":"Bsf","ip_address":"73.210.75.44","_id":"32333a35343a343237332e3231302e37352e343454"},
{"timestamp":"19:38:08","value":72.87,"type":"T","site":"Ben","ip_address":"100.50.63.64","_id":"31393a33383a30383130302e35302e36332e363454"},
{"timestamp":"10:01:37","value":69.4,"type":"P","site":"Sca","ip_address":"100.176.14.131","_id":"31303a30313a33373130302e3137362e31342e31333150"},
{"timestamp":"17:12:23","value":11.34,"type":"C","site":"Bsf","ip_address":"69.9.128.202","_id":"31373a31323a323336392e392e3132382e32303243"},
{"timestamp":"2:17:09","value":97.29,"type":"C","site":"Man","ip_address":"62.110.98.229","_id":"323a31373a303936322e3131302e39382e32323943"},
{"timestamp":"8:05:07","value":45.42,"type":"P","site":"Bsf","ip_address":"151.34.252.45","_id":"383a30353a30373135312e33342e3235322e343550"},
{"timestamp":"21:28:19","value":27.23,"type":"T","site":"Ben","ip_address":"61.140.210.162","_id":"32313a32383a313936312e3134302e3231302e31363254"},
{"timestamp":"14:55:56","value":90.64,"type":"P","site":"Sca","ip_address":"12.17.176.161","_id":"31343a35353a353631322e31372e3137362e31363150"},
{"timestamp":"12:29:23","value":67.05,"type":"C","site":"Sca","ip_address":"139.228.249.111","_id":"31323a32393a32333133392e3232382e3234392e31313143"},
{"timestamp":"0:02:00","value":58.62,"type":"P","site":"Ben","ip_address":"236.150.146.27","_id":"303a30323a30303233362e3135302e3134362e323750"},
{"timestamp":"1:55:50","value":54.86,"type":"P","site":"Sca","ip_address":"216.27.173.65","_id":"313a35353a35303231362e32372e3137332e363550"},
{"timestamp":"5:00:27","value":86.18,"type":"T","site":"Man","ip_address":"231.60.31.163","_id":"353a30303a32373233312e36302e33312e31363354"},
{"timestamp":"2:57:47","value":94.37,"type":"P","site":"Man","ip_address":"255.210.192.1","_id":"323a35373a34373235352e3231302e3139322e3150"},
{"timestamp":"17:40:36","value":13.6,"type":"T","site":"Sca","ip_address":"223.182.126.105","_id":"31373a34303a33363232332e3138322e3132362e31303554"},
{"timestamp":"13:26:02","value":81.57,"type":"H","site":"Bsf","ip_address":"38.249.192.64","_id":"31333a32363a303233382e3234392e3139322e363448"},
{"timestamp":"22:15:37","value":15.47,"type":"T","site":"Ben","ip_address":"254.191.81.156","_id":"32323a31353a33373235342e3139312e38312e31353654"},
{"timestamp":"6:30:59","value":42.82,"type":"C","site":"Man","ip_address":"218.41.140.184","_id":"363a33303a35393231382e34312e3134302e31383443"},
{"timestamp":"8:00:26","value":27.3,"type":"P","site":"Bsf","ip_address":"133.36.170.107","_id":"383a30303a32363133332e33362e3137302e31303750"},
{"timestamp":"14:41:32","value":18.3,"type":"H","site":"Bsf","ip_address":"92.206.1.119","_id":"31343a34313a333239322e3230362e312e31313948"},
{"timestamp":"17:51:20","value":92.65,"type":"T","site":"Sca","ip_address":"24.5.198.74","_id":"31373a35313a323032342e352e3139382e373454"},
{"timestamp":"4:13:05","value":84.7,"type":"C","site":"Man","ip_address":"34.91.47.91","_id":"343a31333a303533342e39312e34372e393143"},
{"timestamp":"3:43:56","value":62.14,"type":"P","site":"Sca","ip_address":"67.173.40.105","_id":"333a34333a353636372e3137332e34302e31303550"},
{"timestamp":"20:24:07","value":64.34,"type":"P","site":"Bsf","ip_address":"181.43.101.60","_id":"32303a32343a30373138312e34332e3130312e363050"},
{"timestamp":"21:05:13","value":50.18,"type":"T","site":"Sca","ip_address":"219.54.123.140","_id":"32313a30353a31333231392e35342e3132332e31343054"},
{"timestamp":"12:43:18","value":44.18,"type":"T","site":"Sca","ip_address":"198.121.130.158","_id":"31323a34333a31383139382e3132312e3133302e31353854"},
{"timestamp":"3:43:49","value":17.62,"type":"H","site":"Ben","ip_address":"41.111.182.180","_id":"333a34333a343934312e3131312e3138322e31383048"},
{"timestamp":"5:51:23","value":69.92,"type":"P","site":"Sca","ip_address":"221.160.214.32","_id":"353a35313a32333232312e3136302e3231342e333250"},
{"timestamp":"18:02:19","value":71.86,"type":"H","site":"Sca","ip_address":"200.118.142.202","_id":"31383a30323a31393230302e3131382e3134322e32303248"},
{"timestamp":"2:23:58","value":6.16,"type":"T","site":"Ben","ip_address":"213.167.15.227","_id":"323a32333a35383231332e3136372e31352e32323754"},
{"timestamp":"2:10:15","value":10.92,"type":"H","site":"Sca","ip_address":"174.35.23.177","_id":"323a31303a31353137342e33352e32332e31373748"},
{"timestamp":"18:38:30","value":99.09,"type":"C","site":"Man","ip_address":"111.151.169.208","_id":"31383a33383a33303131312e3135312e3136392e32303843"},
{"timestamp":"5:46:42","value":58.74,"type":"P","site":"Sca","ip_address":"98.16.112.10","_id":"353a34363a343239382e31362e3131322e313050"},
{"timestamp":"0:01:14","value":29.96,"type":"P","site":"Man","ip_address":"51.13.55.169","_id":"303a30313a313435312e31332e35352e31363950"},
{"timestamp":"2:56:18","value":44.96,"type":"P","site":"Ben","ip_address":"127.20.144.192","_id":"323a35363a31383132372e32302e3134342e31393250"},
{"timestamp":"17:34:07","value":15.84,"type":"H","site":"Ben","ip_address":"255.44.55.164","_id":"31373a33343a30373235352e34342e35352e31363448"},
{"timestamp":"6:19:38","value":20.09,"type":"P","site":"Bsf","ip_address":"92.16.154.168","_id":"363a31393a333839322e31362e3135342e31363850"},
{"timestamp":"22:06:05","value":72.36,"type":"P","site":"Bsf","ip_address":"172.142.6.164","_id":"32323a30363a30353137322e3134322e362e31363450"},
{"timestamp":"16:03:43","value":58.4,"type":"H","site":"Ben","ip_address":"158.8.96.115","_id":"31363a30333a34333135382e382e39362e31313548"},
{"timestamp":"22:12:27","value":34.36,"type":"P","site":"Sca","ip_address":"123.71.118.179","_id":"32323a31323a32373132332e37312e3131382e31373950"},
{"timestamp":"11:25:12","value":44.38,"type":"H","site":"Bsf","ip_address":"160.97.121.170","_id":"31313a32353a31323136302e39372e3132312e31373048"},
{"timestamp":"20:29:12","value":75.78,"type":"H","site":"Man","ip_address":"47.114.223.194","_id":"32303a32393a313234372e3131342e3232332e31393448"},
{"timestamp":"14:34:46","value":24.73,"type":"T","site":"Sca","ip_address":"3.175.211.48","_id":"31343a33343a3436332e3137352e3231312e343854"},
{"timestamp":"15:48:56","value":2.73,"type":"C","site":"Sca","ip_address":"79.218.60.187","_id":"31353a34383a353637392e3231382e36302e31383743"},
{"timestamp":"23:58:19","value":49.42,"type":"C","site":"Sca","ip_address":"59.157.48.112","_id":"32333a35383a313935392e3135372e34382e31313243"},
{"timestamp":"3:06:05","value":92.36,"type":"P","site":"Sca","ip_address":"203.186.26.135","_id":"333a30363a30353230332e3138362e32362e31333550"},
{"timestamp":"17:09:06","value":94.47,"type":"C","site":"Ben","ip_address":"63.130.219.119","_id":"31373a30393a303636332e3133302e3231392e31313943"},
{"timestamp":"5:21:57","value":63.65,"type":"P","site":"Sca","ip_address":"234.246.134.130","_id":"353a32313a35373233342e3234362e3133342e31333050"},
{"timestamp":"1:56:48","value":12.2,"type":"C","site":"Sca","ip_address":"235.228.250.76","_id":"313a35363a34383233352e3232382e3235302e373643"},
{"timestamp":"17:32:39","value":45.21,"type":"P","site":"Sca","ip_address":"104.74.218.191","_id":"31373a33323a33393130342e37342e3231382e31393150"},
{"timestamp":"0:58:52","value":87.94,"type":"C","site":"Man","ip_address":"79.232.160.52","_id":"303a35383a353237392e3233322e3136302e353243"},
{"timestamp":"14:03:45","value":63.94,"type":"T","site":"Man","ip_address":"7.62.14.182","_id":"31343a30333a3435372e36322e31342e31383254"},
{"timestamp":"9:29:58","value":55.37,"type":"C","site":"Ben","ip_address":"176.118.107.163","_id":"393a32393a35383137362e3131382e3130372e31363343"},
{"timestamp":"18:14:35","value":41.96,"type":"T","site":"Sca","ip_address":"235.20.136.115","_id":"31383a31343a33353233352e32302e3133362e31313554"},
{"timestamp":"0:08:09","value":8.22,"type":"T","site":"Ben","ip_address":"212.62.163.182","_id":"303a30383a30393231322e36322e3136332e31383254"},
{"timestamp":"0:43:40","value":59.93,"type":"P","site":"Sca","ip_address":"166.238.123.243","_id":"303a34333a34303136362e3233382e3132332e32343350"},
{"timestamp":"5:58:47","value":28.77,"type":"P","site":"Sca","ip_address":"124.242.68.224","_id":"353a35383a34373132342e3234322e36382e32323450"},
{"timestamp":"5:44:07","value":53.42,"type":"C","site":"Man","ip_address":"171.128.101.97","_id":"353a34343a30373137312e3132382e3130312e393743"},
{"timestamp":"21:08:05","value":93.6,"type":"P","site":"Ben","ip_address":"134.250.54.178","_id":"32313a30383a30353133342e3235302e35342e31373850"},
{"timestamp":"13:07:40","value":76.5,"type":"H","site":"Ben","ip_address":"58.53.69.34","_id":"31333a30373a343035382e35332e36392e333448"},
{"timestamp":"8:09:52","value":18.01,"type":"C","site":"Sca","ip_address":"78.11.48.84","_id":"383a30393a353237382e31312e34382e383443"},
{"timestamp":"8:13:13","value":98.76,"type":"P","site":"Man","ip_address":"128.153.86.191","_id":"383a31333a31333132382e3135332e38362e31393150"},
{"timestamp":"9:33:34","value":82.97,"type":"T","site":"Sca","ip_address":"184.144.72.110","_id":"393a33333a33343138342e3134342e37322e31313054"},
{"timestamp":"23:36:45","value":1.19,"type":"P","site":"Sca","ip_address":"97.224.5.100","_id":"32333a33363a343539372e3232342e352e31303050"},
{"timestamp":"21:35:29","value":39.82,"type":"P","site":"Sca","ip_address":"94.165.71.246","_id":"32313a33353a323939342e3136352e37312e32343650"},
{"timestamp":"10:08:56","value":72.67,"type":"T","site":"Bsf","ip_address":"170.170.217.71","_id":"31303a30383a35363137302e3137302e3231372e373154"},
{"timestamp":"2:14:56","value":76.96,"type":"P","site":"Sca","ip_address":"254.230.146.188","_id":"323a31343a35363235342e3233302e3134362e31383850"},
{"timestamp":"20:59:12","value":58.01,"type":"H","site":"Ben","ip_address":"40.38.63.180","_id":"32303a35393a313234302e33382e36332e31383048"},
{"timestamp":"0:26:51","value":70.73,"type":"P","site":"Man","ip_address":"122.2.246.254","_id":"303a32363a35313132322e322e3234362e32353450"},
{"timestamp":"10:46:11","value":14.51,"type":"H","site":"Sca","ip_address":"227.91.24.128","_id":"31303a34363a31313232372e39312e32342e31323848"},
{"timestamp":"2:23:00","value":52.77,"type":"P","site":"Sca","ip_address":"128.82.103.163","_id":"323a32333a30303132382e38322e3130332e31363350"},
{"timestamp":"13:19:22","value":87.89,"type":"C","site":"Ben","ip_address":"166.44.247.222","_id":"31333a31393a32323136362e34342e3234372e32323243"},
{"timestamp":"1:14:10","value":23.98,"type":"C","site":"Sca","ip_address":"167.70.26.159","_id":"313a31343a31303136372e37302e32362e31353943"},
{"timestamp":"16:41:04","value":76.84,"type":"H","site":"Bsf","ip_address":"163.154.165.191","_id":"31363a34313a30343136332e3135342e3136352e31393148"},
{"timestamp":"11:29:51","value":24.2,"type":"T","site":"Man","ip_address":"215.105.195.51","_id":"31313a32393a35313231352e3130352e3139352e353154"},
{"timestamp":"22:06:59","value":82.87,"type":"P","site":"Ben","ip_address":"243.109.39.75","_id":"32323a30363a35393234332e3130392e33392e373550"},
{"timestamp":"18:50:18","value":75.74,"type":"P","site":"Man","ip_address":"239.17.27.74","_id":"31383a35303a31383233392e31372e32372e373450"},
{"timestamp":"6:21:38","value":66.72,"type":"H","site":"Sca","ip_address":"38.109.229.89","_id":"363a32313a333833382e3130392e3232392e383948"},
{"timestamp":"3:43:10","value":1.35,"type":"P","site":"Bsf","ip_address":"179.148.6.238","_id":"333a34333a31303137392e3134382e362e32333850"},
{"timestamp":"15:25:35","value":43.17,"type":"C","site":"Sca","ip_address":"237.162.92.210","_id":"31353a32353a33353233372e3136322e39322e32313043"},
{"timestamp":"2:02:16","value":49.85,"type":"P","site":"Sca","ip_address":"140.141.48.115","_id":"323a30323a31363134302e3134312e34382e31313550"},
{"timestamp":"2:15:45","value":5.67,"type":"P","site":"Ben","ip_address":"246.17.230.215","_id":"323a31353a34353234362e31372e3233302e32313550"},
{"timestamp":"18:43:16","value":23.79,"type":"H","site":"Bsf","ip_address":"158.2.119.43","_id":"31383a34333a31363135382e322e3131392e343348"},
{"timestamp":"19:40:55","value":42.96,"type":"H","site":"Sca","ip_address":"84.177.139.81","_id":"31393a34303a353538342e3137372e3133392e383148"},
{"timestamp":"20:17:07","value":96.44,"type":"P","site":"Man","ip_address":"249.136.29.246","_id":"32303a31373a30373234392e3133362e32392e32343650"},
{"timestamp":"13:49:44","value":46.56,"type":"P","site":"Bsf","ip_address":"228.18.10.156","_id":"31333a34393a34343232382e31382e31302e31353650"},
{"timestamp":"9:39:23","value":63.61,"type":"P","site":"Sca","ip_address":"52.86.67.99","_id":"393a33393a323335322e38362e36372e393950"},
{"timestamp":"6:47:09","value":97.47,"type":"C","site":"Ben","ip_address":"152.113.166.30","_id":"363a34373a30393135322e3131332e3136362e333043"},
{"timestamp":"22:16:35","value":73.29,"type":"H","site":"Man","ip_address":"31.103.207.212","_id":"32323a31363a333533312e3130332e3230372e32313248"},
{"timestamp":"23:40:55","value":29.76,"type":"P","site":"Sca","ip_address":"110.223.31.211","_id":"32333a34303a35353131302e3232332e33312e32313150"},
{"timestamp":"11:32:07","value":63.71,"type":"T","site":"Bsf","ip_address":"171.90.106.3","_id":"31313a33323a30373137312e39302e3130362e3354"},
{"timestamp":"22:53:30","value":14.01,"type":"P","site":"Sca","ip_address":"0.60.71.142","_id":"32323a35333a3330302e36302e37312e31343250"},
{"timestamp":"17:45:21","value":59.88,"type":"H","site":"Man","ip_address":"114.246.76.145","_id":"31373a34353a32313131342e3234362e37362e31343548"},
{"timestamp":"17:46:37","value":82.76,"type":"T","site":"Sca","ip_address":"207.12.28.212","_id":"31373a34363a33373230372e31322e32382e32313254"},
{"timestamp":"8:07:36","value":91.08,"type":"H","site":"Bsf","ip_address":"86.55.251.8","_id":"383a30373a333638362e35352e3235312e3848"},
{"timestamp":"20:26:10","value":76.52,"type":"H","site":"Bsf","ip_address":"149.40.252.115","_id":"32303a32363a31303134392e34302e3235322e31313548"},
{"timestamp":"5:18:06","value":46.72,"type":"P","site":"Man","ip_address":"105.11.48.113","_id":"353a31383a30363130352e31312e34382e31313350"},
{"timestamp":"19:55:07","value":4.3,"type":"H","site":"Man","ip_address":"216.127.75.83","_id":"31393a35353a30373231362e3132372e37352e383348"},
{"timestamp":"15:22:17","value":44.34,"type":"P","site":"Bsf","ip_address":"0.171.241.194","_id":"31353a32323a3137302e3137312e3234312e31393450"},
{"timestamp":"20:10:40","value":62.03,"type":"C","site":"Sca","ip_address":"105.34.52.232","_id":"32303a31303a34303130352e33342e35322e32333243"},
{"timestamp":"15:23:55","value":48.12,"type":"H","site":"Man","ip_address":"26.144.247.1","_id":"31353a32333a353532362e3134342e3234372e3148"},
{"timestamp":"7:39:27","value":44.99,"type":"P","site":"Sca","ip_address":"48.7.61.18","_id":"373a33393a323734382e372e36312e313850"},
{"timestamp":"9:53:56","value":60.34,"type":"T","site":"Man","ip_address":"7.30.110.213","_id":"393a35333a3536372e33302e3131302e32313354"},
{"timestamp":"9:58:23","value":50.75,"type":"H","site":"Man","ip_address":"242.147.35.120","_id":"393a35383a32333234322e3134372e33352e31323048"},
{"timestamp":"9:15:23","value":89.9,"type":"P","site":"Man","ip_address":"182.204.52.6","_id":"393a31353a32333138322e3230342e35322e3650"},
{"timestamp":"17:57:49","value":92.63,"type":"H","site":"Man","ip_address":"136.43.173.248","_id":"31373a35373a34393133362e34332e3137332e32343848"},
{"timestamp":"15:19:30","value":72.05,"type":"C","site":"Ben","ip_address":"165.198.41.229","_id":"31353a31393a33303136352e3139382e34312e32323943"},
{"timestamp":"17:23:40","value":56.89,"type":"T","site":"Man","ip_address":"211.111.157.112","_id":"31373a32333a34303231312e3131312e3135372e31313254"},
{"timestamp":"5:09:18","value":60.5,"type":"P","site":"Sca","ip_address":"123.17.219.122","_id":"353a30393a31383132332e31372e3231392e31323250"},
{"timestamp":"15:23:47","value":37.99,"type":"C","site":"Ben","ip_address":"54.121.158.58","_id":"31353a32333a343735342e3132312e3135382e353843"},
{"timestamp":"17:25:47","value":47.56,"type":"H","site":"Sca","ip_address":"181.225.23.127","_id":"31373a32353a34373138312e3232352e32332e31323748"},
{"timestamp":"4:50:56","value":71.71,"type":"C","site":"Man","ip_address":"126.98.127.139","_id":"343a35303a35363132362e39382e3132372e31333943"},
{"timestamp":"9:09:25","value":66.65,"type":"P","site":"Bsf","ip_address":"247.163.122.114","_id":"393a30393a32353234372e3136332e3132322e31313450"},
{"timestamp":"0:01:26","value":46.69,"type":"T","site":"Man","ip_address":"54.150.237.223","_id":"303a30313a323635342e3135302e3233372e32323354"},
{"timestamp":"15:43:18","value":59.7,"type":"H","site":"Sca","ip_address":"133.172.12.62","_id":"31353a34333a31383133332e3137322e31322e363248"},
{"timestamp":"13:15:10","value":15.16,"type":"P","site":"Sca","ip_address":"194.34.150.86","_id":"31333a31353a31303139342e33342e3135302e383650"},
{"timestamp":"17:01:39","value":15.59,"type":"H","site":"Sca","ip_address":"243.209.67.208","_id":"31373a30313a33393234332e3230392e36372e32303848"},
{"timestamp":"23:12:16","value":56.71,"type":"C","site":"Ben","ip_address":"24.193.76.77","_id":"32333a31323a313632342e3139332e37362e373743"},
{"timestamp":"7:47:29","value":17.99,"type":"P","site":"Man","ip_address":"206.209.66.71","_id":"373a34373a32393230362e3230392e36362e373150"},
{"timestamp":"4:50:59","value":81.34,"type":"H","site":"Ben","ip_address":"196.57.22.167","_id":"343a35303a35393139362e35372e32322e31363748"},
{"timestamp":"14:49:49","value":24.01,"type":"T","site":"Man","ip_address":"124.61.253.119","_id":"31343a34393a34393132342e36312e3235332e31313954"},
{"timestamp":"7:30:05","value":58.96,"type":"P","site":"Bsf","ip_address":"98.233.19.54","_id":"373a33303a303539382e3233332e31392e353450"},
{"timestamp":"8:17:36","value":68.63,"type":"T","site":"Bsf","ip_address":"57.44.252.133","_id":"383a31373a333635372e34342e3235322e31333354"},
{"timestamp":"2:29:21","value":99.7,"type":"T","site":"Sca","ip_address":"201.182.33.95","_id":"323a32393a32313230312e3138322e33332e393554"},
{"timestamp":"10:13:50","value":2.18,"type":"P","site":"Sca","ip_address":"187.223.207.251","_id":"31303a31333a35303138372e3232332e3230372e32353150"},
{"timestamp":"12:47:22","value":26.75,"type":"P","site":"Sca","ip_address":"91.66.243.190","_id":"31323a34373a323239312e36362e3234332e31393050"},
{"timestamp":"2:12:54","value":97.19,"type":"T","site":"Sca","ip_address":"154.97.143.137","_id":"323a31323a35343135342e39372e3134332e31333754"},
{"timestamp":"6:30:53","value":71.88,"type":"T","site":"Sca","ip_address":"252.86.12.92","_id":"363a33303a35333235322e38362e31322e393254"},
{"timestamp":"15:21:57","value":86.31,"type":"C","site":"Man","ip_address":"17.110.134.96","_id":"31353a32313a353731372e3131302e3133342e393643"},
{"timestamp":"2:53:54","value":40.9,"type":"T","site":"Man","ip_address":"59.179.191.42","_id":"323a35333a353435392e3137392e3139312e343254"},
{"timestamp":"7:55:46","value":29.41,"type":"C","site":"Sca","ip_address":"65.75.153.252","_id":"373a35353a343636352e37352e3135332e32353243"},
{"timestamp":"16:39:04","value":14.09,"type":"H","site":"Ben","ip_address":"217.34.163.220","_id":"31363a33393a30343231372e33342e3136332e32323048"},
{"timestamp":"14:47:07","value":12.88,"type":"P","site":"Man","ip_address":"181.90.35.222","_id":"31343a34373a30373138312e39302e33352e32323250"},
{"timestamp":"8:09:07","value":42.34,"type":"H","site":"Sca","ip_address":"211.216.14.103","_id":"383a30393a30373231312e3231362e31342e31303348"},
{"timestamp":"9:51:30","value":87.07,"type":"T","site":"Sca","ip_address":"112.183.222.99","_id":"393a35313a33303131322e3138332e3232322e393954"},
{"timestamp":"17:25:27","value":37.06,"type":"P","site":"Sca","ip_address":"206.193.159.187","_id":"31373a32353a32373230362e3139332e3135392e31383750"},
{"timestamp":"8:41:26","value":45.93,"type":"P","site":"Sca","ip_address":"188.117.47.21","_id":"383a34313a32363138382e3131372e34372e323150"},
{"timestamp":"17:20:19","value":78.67,"type":"P","site":"Man","ip_address":"101.49.189.173","_id":"31373a32303a31393130312e34392e3138392e31373350"},
{"timestamp":"10:13:19","value":1.31,"type":"T","site":"Man","ip_address":"200.157.208.61","_id":"31303a31333a31393230302e3135372e3230382e363154"},
{"timestamp":"20:41:57","value":53.79,"type":"H","site":"Sca","ip_address":"14.217.27.155","_id":"32303a34313a353731342e3231372e32372e31353548"},
{"timestamp":"7:57:49","value":43.33,"type":"H","site":"Man","ip_address":"11.164.176.16","_id":"373a35373a343931312e3136342e3137362e313648"},
{"timestamp":"14:11:03","value":75.25,"type":"T","site":"Man","ip_address":"76.43.158.246","_id":"31343a31313a303337362e34332e3135382e32343654"},
{"timestamp":"15:35:42","value":5.77,"type":"C","site":"Ben","ip_address":"248.42.206.91","_id":"31353a33353a34323234382e34322e3230362e393143"},
{"timestamp":"17:52:49","value":70.77,"type":"P","site":"Man","ip_address":"35.81.144.199","_id":"31373a35323a343933352e38312e3134342e31393950"},
{"timestamp":"21:09:30","value":95.53,"type":"T","site":"Sca","ip_address":"77.30.192.14","_id":"32313a30393a333037372e33302e3139322e313454"},
{"timestamp":"2:47:54","value":85.89,"type":"P","site":"Bsf","ip_address":"186.86.62.219","_id":"323a34373a35343138362e38362e36322e32313950"},
{"timestamp":"18:58:04","value":58.84,"type":"P","site":"Sca","ip_address":"191.6.212.148","_id":"31383a35383a30343139312e362e3231322e31343850"},
{"timestamp":"20:03:37","value":45.9,"type":"C","site":"Man","ip_address":"228.183.109.31","_id":"32303a30333a33373232382e3138332e3130392e333143"},
{"timestamp":"13:17:36","value":89.42,"type":"P","site":"Sca","ip_address":"40.79.133.97","_id":"31333a31373a333634302e37392e3133332e393750"},
{"timestamp":"17:05:31","value":94.13,"type":"P","site":"Bsf","ip_address":"187.33.48.148","_id":"31373a30353a33313138372e33332e34382e31343850"},
{"timestamp":"15:54:47","value":46.96,"type":"P","site":"Man","ip_address":"101.245.131.137","_id":"31353a35343a34373130312e3234352e3133312e31333750"},
{"timestamp":"8:48:06","value":33.81,"type":"P","site":"Sca","ip_address":"144.100.24.191","_id":"383a34383a30363134342e3130302e32342e31393150"},
{"timestamp":"20:35:57","value":13.76,"type":"T","site":"Bsf","ip_address":"218.47.108.149","_id":"32303a33353a35373231382e34372e3130382e31343954"},
{"timestamp":"11:20:48","value":12.43,"type":"P","site":"Bsf","ip_address":"232.92.192.209","_id":"31313a32303a34383233322e39322e3139322e32303950"},
{"timestamp":"9:34:57","value":50.61,"type":"H","site":"Sca","ip_address":"128.111.154.203","_id":"393a33343a35373132382e3131312e3135342e32303348"},
{"timestamp":"0:47:42","value":50.6,"type":"H","site":"Bsf","ip_address":"104.80.8.190","_id":"303a34373a34323130342e38302e382e31393048"},
{"timestamp":"19:25:50","value":75.69,"type":"T","site":"Sca","ip_address":"14.209.132.116","_id":"31393a32353a353031342e3230392e3133322e31313654"},
{"timestamp":"11:56:46","value":76.68,"type":"H","site":"Sca","ip_address":"3.103.227.57","_id":"31313a35363a3436332e3130332e3232372e353748"},
{"timestamp":"9:19:12","value":73.4,"type":"P","site":"Ben","ip_address":"135.89.99.176","_id":"393a31393a31323133352e38392e39392e31373650"},
{"timestamp":"23:06:55","value":81.3,"type":"P","site":"Sca","ip_address":"194.243.108.6","_id":"32333a30363a35353139342e3234332e3130382e3650"},
{"timestamp":"20:54:19","value":67.13,"type":"T","site":"Man","ip_address":"183.185.245.38","_id":"32303a35343a31393138332e3138352e3234352e333854"},
{"timestamp":"8:01:58","value":69.55,"type":"P","site":"Man","ip_address":"119.15.103.201","_id":"383a30313a35383131392e31352e3130332e32303150"},
{"timestamp":"3:39:57","value":79.18,"type":"P","site":"Sca","ip_address":"87.104.243.106","_id":"333a33393a353738372e3130342e3234332e31303650"},
{"timestamp":"4:21:23","value":4.78,"type":"P","site":"Sca","ip_address":"183.206.46.119","_id":"343a32313a32333138332e3230362e34362e31313950"},
{"timestamp":"11:33:56","value":68.2,"type":"H","site":"Bsf","ip_address":"245.253.226.253","_id":"31313a33333a35363234352e3235332e3232362e32353348"},
{"timestamp":"16:51:48","value":97.63,"type":"H","site":"Ben","ip_address":"151.53.159.125","_id":"31363a35313a34383135312e35332e3135392e31323548"},
{"timestamp":"18:00:42","value":2.32,"type":"C","site":"Sca","ip_address":"101.251.0.145","_id":"31383a30303a34323130312e3235312e302e31343543"},
{"timestamp":"1:15:59","value":63.39,"type":"P","site":"Sca","ip_address":"163.66.1.51","_id":"313a31353a35393136332e36362e312e353150"},
{"timestamp":"2:03:33","value":29.89,"type":"P","site":"Man","ip_address":"16.155.122.150","_id":"323a30333a333331362e3135352e3132322e31353050"},
{"timestamp":"14:55:58","value":25.71,"type":"P","site":"Sca","ip_address":"178.113.219.47","_id":"31343a35353a35383137382e3131332e3231392e343750"},
{"timestamp":"21:06:16","value":61.57,"type":"H","site":"Sca","ip_address":"61.23.214.198","_id":"32313a30363a313636312e32332e3231342e31393848"},
{"timestamp":"0:58:56","value":67.53,"type":"H","site":"Bsf","ip_address":"213.225.200.89","_id":"303a35383a35363231332e3232352e3230302e383948"},
{"timestamp":"22:28:26","value":23.69,"type":"C","site":"Ben","ip_address":"201.140.246.233","_id":"32323a32383a32363230312e3134302e3234362e32333343"},
{"timestamp":"12:14:22","value":87.67,"type":"H","site":"Bsf","ip_address":"227.9.51.161","_id":"31323a31343a32323232372e392e35312e31363148"},
{"timestamp":"5:29:57","value":82.79,"type":"H","site":"Sca","ip_address":"42.33.193.244","_id":"353a32393a353734322e33332e3139332e32343448"},
{"timestamp":"16:49:01","value":98.7,"type":"C","site":"Man","ip_address":"146.190.95.51","_id":"31363a34393a30313134362e3139302e39352e353143"},
{"timestamp":"15:31:02","value":80.74,"type":"H","site":"Ben","ip_address":"119.102.99.194","_id":"31353a33313a30323131392e3130322e39392e31393448"},
{"timestamp":"15:37:20","value":1.18,"type":"H","site":"Sca","ip_address":"177.148.39.37","_id":"31353a33373a32303137372e3134382e33392e333748"},
{"timestamp":"12:36:47","value":5.2,"type":"T","site":"Man","ip_address":"213.10.217.90","_id":"31323a33363a34373231332e31302e3231372e393054"},
{"timestamp":"16:27:19","value":23.72,"type":"P","site":"Sca","ip_address":"33.75.164.127","_id":"31363a32373a313933332e37352e3136342e31323750"},
{"timestamp":"20:31:07","value":63.44,"type":"H","site":"Bsf","ip_address":"204.81.104.35","_id":"32303a33313a30373230342e38312e3130342e333548"},
{"timestamp":"1:50:49","value":35.05,"type":"C","site":"Ben","ip_address":"123.82.167.140","_id":"313a35303a34393132332e38322e3136372e31343043"},
{"timestamp":"13:24:45","value":52.56,"type":"T","site":"Sca","ip_address":"15.160.149.148","_id":"31333a32343a343531352e3136302e3134392e31343854"},
{"timestamp":"13:04:36","value":87.6,"type":"C","site":"Man","ip_address":"5.9.155.2","_id":"31333a30343a3336352e392e3135352e3243"},
{"timestamp":"22:17:05","value":33.42,"type":"P","site":"Bsf","ip_address":"104.82.140.138","_id":"32323a31373a30353130342e38322e3134302e31333850"},
{"timestamp":"18:26:00","value":53.36,"type":"P","site":"Sca","ip_address":"84.167.202.170","_id":"31383a32363a303038342e3136372e3230322e31373050"},
{"timestamp":"23:45:36","value":38.22,"type":"T","site":"Ben","ip_address":"39.133.97.36","_id":"32333a34353a333633392e3133332e39372e333654"},
{"timestamp":"23:50:38","value":37.33,"type":"P","site":"Bsf","ip_address":"166.148.45.155","_id":"32333a35303a33383136362e3134382e34352e31353550"},
{"timestamp":"11:17:59","value":1.84,"type":"C","site":"Ben","ip_address":"107.157.27.131","_id":"31313a31373a35393130372e3135372e32372e31333143"},
{"timestamp":"23:04:44","value":55.0,"type":"P","site":"Man","ip_address":"111.101.99.73","_id":"32333a30343a34343131312e3130312e39392e373350"},
{"timestamp":"9:40:41","value":58.86,"type":"T","site":"Man","ip_address":"242.145.254.56","_id":"393a34303a34313234322e3134352e3235342e353654"},
{"timestamp":"18:46:25","value":44.24,"type":"H","site":"Man","ip_address":"213.247.45.232","_id":"31383a34363a32353231332e3234372e34352e32333248"},
{"timestamp":"11:58:09","value":59.63,"type":"P","site":"Bsf","ip_address":"127.164.235.157","_id":"31313a35383a30393132372e3136342e3233352e31353750"},
{"timestamp":"10:58:30","value":73.92,"type":"P","site":"Ben","ip_address":"49.221.223.175","_id":"31303a35383a333034392e3232312e3232332e31373550"},
{"timestamp":"23:44:43","value":2.11,"type":"C","site":"Bsf","ip_address":"31.40.106.97","_id":"32333a34343a343333312e34302e3130362e393743"},
{"timestamp":"10:45:38","value":89.23,"type":"P","site":"Ben","ip_address":"33.171.148.142","_id":"31303a34353a333833332e3137312e3134382e31343250"},
{"timestamp":"13:36:27","value":49.19,"type":"T","site":"Man","ip_address":"141.165.219.113","_id":"31333a33363a32373134312e3136352e3231392e31313354"},
{"timestamp":"2:23:12","value":16.07,"type":"P","site":"Bsf","ip_address":"247.109.74.71","_id":"323a32333a31323234372e3130392e37342e373150"},
{"timestamp":"13:40:58","value":96.22,"type":"C","site":"Bsf","ip_address":"46.14.88.42","_id":"31333a34303a353834362e31342e38382e343243"},
{"timestamp":"4:07:49","value":29.54,"type":"P","site":"Bsf","ip_address":"34.151.117.67","_id":"343a30373a343933342e3135312e3131372e363750"},
{"timestamp":"4:18:46","value":31.95,"type":"H","site":"Man","ip_address":"61.156.198.123","_id":"343a31383a343636312e3135362e3139382e31323348"},
{"timestamp":"0:06:38","value":22.99,"type":"C","site":"Ben","ip_address":"190.67.17.224","_id":"303a30363a33383139302e36372e31372e32323443"},
{"timestamp":"2:43:11","value":42.61,"type":"C","site":"Bsf","ip_address":"144.159.213.85","_id":"323a34333a31313134342e3135392e3231332e383543"},
{"timestamp":"10:27:52","value":72.5,"type":"C","site":"Ben","ip_address":"240.253.5.4","_id":"31303a32373a35323234302e3235332e352e3443"},
{"timestamp":"8:16:53","value":84.15,"type":"H","site":"Sca","ip_address":"237.36.97.209","_id":"383a31363a35333233372e33362e39372e32303948"},
{"timestamp":"14:58:55","value":70.25,"type":"C","site":"Sca","ip_address":"254.150.200.157","_id":"31343a35383a35353235342e3135302e3230302e31353743"},
{"timestamp":"15:59:35","value":35.63,"type":"T","site":"Bsf","ip_address":"146.165.143.203","_id":"31353a35393a33353134362e3136352e3134332e32303354"},
{"timestamp":"13:42:38","value":15.77,"type":"P","site":"Bsf","ip_address":"117.196.116.196","_id":"31333a34323a33383131372e3139362e3131362e31393650"},
{"timestamp":"10:18:14","value":31.96,"type":"T","site":"Man","ip_address":"86.126.65.85","_id":"31303a31383a313438362e3132362e36352e383554"},
{"timestamp":"16:10:13","value":55.19,"type":"C","site":"Man","ip_address":"152.120.121.180","_id":"31363a31303a31333135322e3132302e3132312e31383043"},
{"timestamp":"1:31:04","value":16.46,"type":"P","site":"Sca","ip_address":"152.54.158.32","_id":"313a33313a30343135322e35342e3135382e333250"},
{"timestamp":"0:07:06","value":81.86,"type":"H","site":"Sca","ip_address":"227.56.62.249","_id":"303a30373a30363232372e35362e36322e32343948"},
{"timestamp":"9:54:31","value":1.75,"type":"P","site":"Man","ip_address":"241.151.93.120","_id":"393a35343a33313234312e3135312e39332e31323050"},
{"timestamp":"10:09:48","value":84.27,"type":"H","site":"Sca","ip_address":"138.134.47.59","_id":"31303a30393a34383133382e3133342e34372e353948"},
{"timestamp":"6:40:52","value":40.97,"type":"H","site":"Sca","ip_address":"116.22.54.181","_id":"363a34303a35323131362e32322e35342e31383148"},
{"timestamp":"19:58:15","value":88.22,"type":"T","site":"Ben","ip_address":"58.83.210.215","_id":"31393a35383a313535382e38332e3231302e32313554"},
{"timestamp":"7:19:12","value":8.61,"type":"C","site":"Bsf","ip_address":"8.172.42.59","_id":"373a31393a3132382e3137322e34322e353943"},
{"timestamp":"11:41:23","value":20.63,"type":"P","site":"Ben","ip_address":"225.157.181.194","_id":"31313a34313a32333232352e3135372e3138312e31393450"},
{"timestamp":"13:13:55","value":29.5,"type":"P","site":"Ben","ip_address":"18.130.216.189","_id":"31333a31333a353531382e3133302e3231362e31383950"},
{"timestamp":"22:41:46","value":61.74,"type":"P","site":"Man","ip_address":"86.8.218.66","_id":"32323a34313a343638362e382e3231382e363650"},
{"timestamp":"2:55:50","value":16.59,"type":"C","site":"Ben","ip_address":"157.9.121.32","_id":"323a35353a35303135372e392e3132312e333243"},
{"timestamp":"16:39:44","value":59.4,"type":"T","site":"Ben","ip_address":"22.39.77.30","_id":"31363a33393a343432322e33392e37372e333054"},
{"timestamp":"19:14:40","value":34.53,"type":"P","site":"Bsf","ip_address":"98.134.49.111","_id":"31393a31343a343039382e3133342e34392e31313150"},
{"timestamp":"17:25:31","value":90.07,"type":"P","site":"Sca","ip_address":"29.15.152.219","_id":"31373a32353a333132392e31352e3135322e32313950"},
{"timestamp":"11:30:41","value":6.6,"type":"H","site":"Sca","ip_address":"107.217.228.44","_id":"31313a33303a34313130372e3231372e3232382e343448"},
{"timestamp":"20:45:46","value":74.95,"type":"P","site":"Ben","ip_address":"213.82.109.23","_id":"32303a34353a34363231332e38322e3130392e323350"},
{"timestamp":"10:38:25","value":80.39,"type":"P","site":"Man","ip_address":"229.30.252.11","_id":"31303a33383a32353232392e33302e3235322e313150"},
{"timestamp":"3:55:56","value":68.85,"type":"P","site":"Sca","ip_address":"80.226.254.176","_id":"333a35353a353638302e3232362e3235342e31373650"},
{"timestamp":"10:28:11","value":71.44,"type":"T","site":"Sca","ip_address":"155.49.65.213","_id":"31303a32383a31313135352e34392e36352e32313354"},
{"timestamp":"20:24:49","value":66.72,"type":"P","site":"Man","ip_address":"119.71.125.67","_id":"32303a32343a34393131392e37312e3132352e363750"},
{"timestamp":"14:49:34","value":68.39,"type":"C","site":"Man","ip_address":"21.200.12.64","_id":"31343a34393a333432312e3230302e31322e363443"},
{"timestamp":"21:34:59","value":31.84,"type":"P","site":"Sca","ip_address":"254.212.182.138","_id":"32313a33343a35393235342e3231322e3138322e31333850"},
{"timestamp":"16:30:13","value":39.61,"type":"T","site":"Sca","ip_address":"58.144.182.122","_id":"31363a33303a313335382e3134342e3138322e31323254"},
{"timestamp":"22:06:48","value":39.26,"type":"C","site":"Man","ip_address":"238.41.87.229","_id":"32323a30363a34383233382e34312e38372e32323943"},
{"timestamp":"6:31:36","value":66.28,"type":"P","site":"Man","ip_address":"224.112.169.15","_id":"363a33313a33363232342e3131322e3136392e313550"},
{"timestamp":"2:37:44","value":19.43,"type":"C","site":"Sca","ip_address":"235.164.36.83","_id":"323a33373a34343233352e3136342e33362e383343"},
{"timestamp":"3:16:21","value":57.63,"type":"P","site":"Ben","ip_address":"186.110.7.22","_id":"333a31363a32313138362e3131302e372e323250"},
{"timestamp":"20:05:05","value":84.29,"type":"P","site":"Bsf","ip_address":"108.138.234.253","_id":"32303a30353a30353130382e3133382e3233342e32353350"},
{"timestamp":"23:47:08","value":37.97,"type":"H","site":"Man","ip_address":"192.48.152.212","_id":"32333a34373a30383139322e34382e3135322e32313248"},
{"timestamp":"22:54:08","value":9.41,"type":"C","site":"Bsf","ip_address":"249.91.180.153","_id":"32323a35343a30383234392e39312e3138302e31353343"},
{"timestamp":"20:42:35","value":35.85,"type":"C","site":"Sca","ip_address":"230.107.182.217","_id":"32303a34323a33353233302e3130372e3138322e32313743"},
{"timestamp":"3:21:34","value":40.33,"type":"P","site":"Man","ip_address":"48.22.175.254","_id":"333a32313a333434382e32322e3137352e32353450"},
{"timestamp":"23:31:25","value":26.59,"type":"C","site":"Man","ip_address":"201.148.179.89","_id":"32333a33313a32353230312e3134382e3137392e383943"},
{"timestamp":"19:54:03","value":30.7,"type":"P","site":"Sca","ip_address":"189.19.227.41","_id":"31393a35343a30333138392e31392e3232372e343150"},
{"timestamp":"13:05:14","value":81.2,"type":"P","site":"Ben","ip_address":"207.121.163.34","_id":"31333a30353a31343230372e3132312e3136332e333450"},
{"timestamp":"16:45:46","value":54.05,"type":"P","site":"Sca","ip_address":"68.79.187.79","_id":"31363a34353a343636382e37392e3138372e373950"},
{"timestamp":"23:46:02","value":33.93,"type":"P","site":"Bsf","ip_address":"103.166.158.55","_id":"32333a34363a30323130332e3136362e3135382e353550"},
{"timestamp":"23:48:13","value":25.18,"type":"C","site":"Sca","ip_address":"142.121.10.113","_id":"32333a34383a31333134322e3132312e31302e31313343"},
{"timestamp":"15:21:15","value":19.06,"type":"P","site":"Ben","ip_address":"144.247.192.100","_id":"31353a32313a31353134342e3234372e3139322e31303050"},
{"timestamp":"1:28:12","value":83.08,"type":"P","site":"Bsf","ip_address":"46.229.188.14","_id":"313a32383a313234362e3232392e3138382e313450"},
{"timestamp":"5:43:25","value":49.56,"type":"H","site":"Sca","ip_address":"27.143.117.57","_id":"353a34333a323532372e3134332e3131372e353748"},
{"timestamp":"12:01:22","value":23.67,"type":"P","site":"Man","ip_address":"228.165.253.43","_id":"31323a30313a32323232382e3136352e3235332e343350"},
{"timestamp":"19:19:55","value":56.49,"type":"T","site":"Sca","ip_address":"64.182.102.242","_id":"31393a31393a353536342e3138322e3130322e32343254"},
{"timestamp":"22:30:52","value":44.54,"type":"H","site":"Sca","ip_address":"219.64.85.10","_id":"32323a33303a35323231392e36342e38352e313048"},
{"timestamp":"11:07:26","value":99.14,"type":"T","site":"Sca","ip_address":"150.127.123.247","_id":"31313a30373a32363135302e3132372e3132332e32343754"},
{"timestamp":"13:23:18","value":20.01,"type":"P","site":"Bsf","ip_address":"21.20.177.246","_id":"31333a32333a313832312e32302e3137372e32343650"},
{"timestamp":"9:52:51","value":80.04,"type":"T","site":"Bsf","ip_address":"15.252.190.153","_id":"393a35323a353131352e3235322e3139302e31353354"},
{"timestamp":"16:18:23","value":50.18,"type":"H","site":"Sca","ip_address":"177.108.185.92","_id":"31363a31383a32333137372e3130382e3138352e393248"},
{"timestamp":"19:47:49","value":75.82,"type":"T","site":"Bsf","ip_address":"19.5.64.159","_id":"31393a34373a343931392e352e36342e31353954"},
{"timestamp":"22:10:37","value":28.54,"type":"C","site":"Man","ip_address":"252.133.200.151","_id":"32323a31303a33373235322e3133332e3230302e31353143"},
{"timestamp":"13:20:36","value":16.67,"type":"C","site":"Ben","ip_address":"169.41.111.174","_id":"31333a32303a33363136392e34312e3131312e31373443"},
{"timestamp":"7:04:13","value":39.96,"type":"P","site":"Bsf","ip_address":"232.158.25.203","_id":"373a30343a31333233322e3135382e32352e32303350"},
{"timestamp":"21:06:56","value":41.41,"type":"H","site":"Bsf","ip_address":"66.25.2.83","_id":"32313a30363a353636362e32352e322e383348"},
{"timestamp":"15:50:25","value":43.13,"type":"P","site":"Man","ip_address":"117.40.250.199","_id":"31353a35303a32353131372e34302e3235302e31393950"},
{"timestamp":"18:50:53","value":40.86,"type":"H","site":"Ben","ip_address":"215.139.142.141","_id":"31383a35303a35333231352e3133392e3134322e31343148"},
{"timestamp":"13:05:47","value":39.75,"type":"H","site":"Ben","ip_address":"207.202.91.159","_id":"31333a30353a34373230372e3230322e39312e31353948"},
{"timestamp":"11:28:48","value":49.65,"type":"P","site":"Ben","ip_address":"83.132.152.34","_id":"31313a32383a343838332e3133322e3135322e333450"},
{"timestamp":"23:39:21","value":72.76,"type":"T","site":"Sca","ip_address":"103.100.99.29","_id":"32333a33393a32313130332e3130302e39392e323954"},
{"timestamp":"1:06:45","value":8.89,"type":"T","site":"Ben","ip_address":"153.58.155.155","_id":"313a30363a34353135332e35382e3135352e31353554"},
{"timestamp":"18:21:25","value":18.84,"type":"C","site":"Bsf","ip_address":"221.95.93.3","_id":"31383a32313a32353232312e39352e39332e3343"},
{"timestamp":"7:11:47","value":14.49,"type":"H","site":"Bsf","ip_address":"32.206.78.78","_id":"373a31313a343733322e3230362e37382e373848"},
{"timestamp":"15:15:43","value":45.62,"type":"H","site":"Ben","ip_address":"51.138.81.167","_id":"31353a31353a343335312e3133382e38312e31363748"},
{"timestamp":"18:27:15","value":25.79,"type":"T","site":"Bsf","ip_address":"204.101.132.45","_id":"31383a32373a31353230342e3130312e3133322e343554"},
{"timestamp":"1:59:45","value":41.62,"type":"P","site":"Bsf","ip_address":"164.139.215.177","_id":"313a35393a34353136342e3133392e3231352e31373750"},
{"timestamp":"13:01:42","value":29.33,"type":"H","site":"Sca","ip_address":"105.218.194.94","_id":"31333a30313a34323130352e3231382e3139342e393448"},
{"timestamp":"5:39:34","value":75.49,"type":"C","site":"Ben","ip_address":"10.235.232.143","_id":"353a33393a333431302e3233352e3233322e31343343"},
{"timestamp":"17:22:06","value":82.92,"type":"T","site":"Sca","ip_address":"217.207.72.208","_id":"31373a32323a30363231372e3230372e37322e32303854"},
{"timestamp":"3:49:13","value":1.53,"type":"P","site":"Man","ip_address":"70.156.235.188","_id":"333a34393a313337302e3135362e3233352e31383850"},
{"timestamp":"23:20:56","value":42.3,"type":"P","site":"Ben","ip_address":"30.12.171.52","_id":"32333a32303a353633302e31322e3137312e353250"},
{"timestamp":"6:42:28","value":77.32,"type":"C","site":"Sca","ip_address":"34.220.10.112","_id":"363a34323a323833342e3232302e31302e31313243"},
{"timestamp":"7:40:14","value":13.82,"type":"H","site":"Sca","ip_address":"200.43.91.241","_id":"373a34303a31343230302e34332e39312e32343148"},
{"timestamp":"3:05:17","value":73.92,"type":"H","site":"Man","ip_address":"167.231.156.162","_id":"333a30353a31373136372e3233312e3135362e31363248"},
{"timestamp":"16:08:41","value":83.79,"type":"P","site":"Ben","ip_address":"178.166.122.100","_id":"31363a30383a34313137382e3136362e3132322e31303050"},
{"timestamp":"20:13:35","value":87.74,"type":"T","site":"Ben","ip_address":"146.206.65.240","_id":"32303a31333a33353134362e3230362e36352e32343054"},
{"timestamp":"3:20:42","value":90.43,"type":"T","site":"Sca","ip_address":"159.149.24.47","_id":"333a32303a34323135392e3134392e32342e343754"},
{"timestamp":"23:55:39","value":74.37,"type":"P","site":"Man","ip_address":"244.75.216.203","_id":"32333a35353a33393234342e37352e3231362e32303350"},
{"timestamp":"9:51:16","value":42.1,"type":"P","site":"Ben","ip_address":"240.212.136.249","_id":"393a35313a31363234302e3231322e3133362e32343950"},
{"timestamp":"1:56:16","value":39.41,"type":"P","site":"Ben","ip_address":"120.201.246.29","_id":"313a35363a31363132302e3230312e3234362e323950"},
{"timestamp":"21:09:47","value":72.74,"type":"H","site":"Ben","ip_address":"222.47.104.100","_id":"32313a30393a34373232322e34372e3130342e31303048"},
{"timestamp":"18:54:12","value":19.13,"type":"H","site":"Sca","ip_address":"27.196.10.78","_id":"31383a35343a313232372e3139362e31302e373848"},
{"timestamp":"16:23:58","value":20.36,"type":"P","site":"Bsf","ip_address":"139.168.68.243","_id":"31363a32333a35383133392e3136382e36382e32343350"},
{"timestamp":"22:38:22","value":26.06,"type":"H","site":"Sca","ip_address":"222.191.203.187","_id":"32323a33383a32323232322e3139312e3230332e31383748"},
{"timestamp":"12:22:08","value":18.39,"type":"H","site":"Ben","ip_address":"220.229.28.133","_id":"31323a32323a30383232302e3232392e32382e31333348"},
{"timestamp":"16:56:21","value":75.85,"type":"P","site":"Sca","ip_address":"253.73.42.238","_id":"31363a35363a32313235332e37332e34322e32333850"},
{"timestamp":"19:36:26","value":29.0,"type":"H","site":"Sca","ip_address":"213.215.63.81","_id":"31393a33363a32363231332e3231352e36332e383148"},
{"timestamp":"9:28:01","value":38.41,"type":"T","site":"Sca","ip_address":"5.61.150.249","_id":"393a32383a3031352e36312e3135302e32343954"},
{"timestamp":"20:01:21","value":72.13,"type":"P","site":"Sca","ip_address":"217.104.59.110","_id":"32303a30313a32313231372e3130342e35392e31313050"},
{"timestamp":"13:21:44","value":45.32,"type":"P","site":"Ben","ip_address":"87.4.54.203","_id":"31333a32313a343438372e342e35342e32303350"},
{"timestamp":"21:16:42","value":32.82,"type":"P","site":"Sca","ip_address":"48.55.242.92","_id":"32313a31363a343234382e35352e3234322e393250"},
{"timestamp":"8:50:53","value":24.66,"type":"C","site":"Bsf","ip_address":"124.253.116.251","_id":"383a35303a35333132342e3235332e3131362e32353143"},
{"timestamp":"5:49:30","value":11.5,"type":"C","site":"Sca","ip_address":"210.68.192.132","_id":"353a34393a33303231302e36382e3139322e31333243"},
{"timestamp":"11:54:56","value":38.52,"type":"C","site":"Sca","ip_address":"92.16.190.252","_id":"31313a35343a353639322e31362e3139302e32353243"},
{"timestamp":"20:52:52","value":34.89,"type":"P","site":"Ben","ip_address":"34.173.75.174","_id":"32303a35323a353233342e3137332e37352e31373450"},
{"timestamp":"11:23:44","value":9.87,"type":"P","site":"Ben","ip_address":"125.1.154.232","_id":"31313a32333a34343132352e312e3135342e32333250"},
{"timestamp":"7:17:29","value":8.93,"type":"P","site":"Sca","ip_address":"47.65.26.93","_id":"373a31373a323934372e36352e32362e393350"},
{"timestamp":"6:48:57","value":69.08,"type":"T","site":"Sca","ip_address":"172.57.154.21","_id":"363a34383a35373137322e35372e3135342e323154"},
{"timestamp":"16:50:50","value":49.83,"type":"T","site":"Bsf","ip_address":"27.141.34.24","_id":"31363a35303a353032372e3134312e33342e323454"},
{"timestamp":"9:44:53","value":96.18,"type":"P","site":"Bsf","ip_address":"37.175.67.76","_id":"393a34343a353333372e3137352e36372e373650"},
{"timestamp":"21:43:48","value":40.48,"type":"T","site":"Sca","ip_address":"179.100.87.113","_id":"32313a34333a34383137392e3130302e38372e31313354"},
{"timestamp":"8:01:06","value":24.35,"type":"C","site":"Bsf","ip_address":"69.70.218.14","_id":"383a30313a303636392e37302e3231382e313443"},
{"timestamp":"12:38:32","value":78.96,"type":"P","site":"Sca","ip_address":"249.172.17.186","_id":"31323a33383a33323234392e3137322e31372e31383650"},
{"timestamp":"20:40:06","value":9.09,"type":"C","site":"Bsf","ip_address":"180.172.137.204","_id":"32303a34303a30363138302e3137322e3133372e32303443"},
{"timestamp":"0:06:01","value":5.92,"type":"T","site":"Sca","ip_address":"249.79.118.12","_id":"303a30363a30313234392e37392e3131382e313254"},
{"timestamp":"2:21:37","value":43.29,"type":"T","site":"Bsf","ip_address":"68.199.85.170","_id":"323a32313a333736382e3139392e38352e31373054"},
{"timestamp":"23:35:39","value":13.1,"type":"T","site":"Sca","ip_address":"65.17.174.190","_id":"32333a33353a333936352e31372e3137342e31393054"},
{"timestamp":"4:08:00","value":43.77,"type":"P","site":"Ben","ip_address":"97.117.12.216","_id":"343a30383a303039372e3131372e31322e32313650"},
{"timestamp":"16:03:06","value":13.19,"type":"C","site":"Man","ip_address":"117.247.204.49","_id":"31363a30333a30363131372e3234372e3230342e343943"},
{"timestamp":"9:56:21","value":56.27,"type":"C","site":"Man","ip_address":"2.71.154.24","_id":"393a35363a3231322e37312e3135342e323443"},
{"timestamp":"14:21:35","value":36.76,"type":"P","site":"Man","ip_address":"1.247.214.226","_id":"31343a32313a3335312e3234372e3231342e32323650"},
{"timestamp":"23:00:04","value":67.4,"type":"P","site":"Sca","ip_address":"230.192.90.46","_id":"32333a30303a30343233302e3139322e39302e343650"},
{"timestamp":"19:06:41","value":90.31,"type":"C","site":"Sca","ip_address":"174.63.159.67","_id":"31393a30363a34313137342e36332e3135392e363743"},
{"timestamp":"1:18:08","value":37.72,"type":"P","site":"Sca","ip_address":"255.184.121.73","_id":"313a31383a30383235352e3138342e3132312e373350"},
{"timestamp":"23:14:36","value":14.42,"type":"P","site":"Sca","ip_address":"75.8.143.117","_id":"32333a31343a333637352e382e3134332e31313750"},
{"timestamp":"6:13:28","value":87.72,"type":"H","site":"Man","ip_address":"2.171.2.118","_id":"363a31333a3238322e3137312e322e31313848"},
{"timestamp":"16:23:14","value":67.3,"type":"C","site":"Sca","ip_address":"20.99.208.221","_id":"31363a32333a313432302e39392e3230382e32323143"},
{"timestamp":"11:35:14","value":24.41,"type":"P","site":"Sca","ip_address":"240.160.72.175","_id":"31313a33353a31343234302e3136302e37322e31373550"},
{"timestamp":"16:53:11","value":40.67,"type":"H","site":"Sca","ip_address":"140.127.250.175","_id":"31363a35333a31313134302e3132372e3235302e31373548"},
{"timestamp":"6:02:43","value":42.07,"type":"T","site":"Man","ip_address":"195.234.73.133","_id":"363a30323a34333139352e3233342e37332e31333354"},
{"timestamp":"4:20:47","value":33.27,"type":"H","site":"Sca","ip_address":"10.151.103.225","_id":"343a32303a343731302e3135312e3130332e32323548"},
{"timestamp":"3:38:08","value":81.69,"type":"T","site":"Sca","ip_address":"135.236.15.185","_id":"333a33383a30383133352e3233362e31352e31383554"},
{"timestamp":"21:52:58","value":53.91,"type":"T","site":"Ben","ip_address":"242.49.252.178","_id":"32313a35323a35383234322e34392e3235322e31373854"},
{"timestamp":"11:08:49","value":56.94,"type":"C","site":"Ben","ip_address":"157.92.208.216","_id":"31313a30383a34393135372e39322e3230382e32313643"},
{"timestamp":"17:34:31","value":71.75,"type":"P","site":"Man","ip_address":"255.28.48.98","_id":"31373a33343a33313235352e32382e34382e393850"},
{"timestamp":"19:40:02","value":9.55,"type":"H","site":"Sca","ip_address":"106.111.76.66","_id":"31393a34303a30323130362e3131312e37362e363648"},
{"timestamp":"1:51:42","value":2.24,"type":"P","site":"Man","ip_address":"202.57.85.20","_id":"313a35313a34323230322e35372e38352e323050"},
{"timestamp":"19:23:57","value":35.4,"type":"T","site":"Bsf","ip_address":"64.249.63.118","_id":"31393a32333a353736342e3234392e36332e31313854"},
{"timestamp":"1:08:06","value":51.22,"type":"P","site":"Sca","ip_address":"66.109.222.28","_id":"313a30383a303636362e3130392e3232322e323850"},
{"timestamp":"4:06:39","value":13.64,"type":"T","site":"Man","ip_address":"60.13.77.43","_id":"343a30363a333936302e31332e37372e343354"},
{"timestamp":"3:01:48","value":47.46,"type":"C","site":"Sca","ip_address":"138.201.12.57","_id":"333a30313a34383133382e3230312e31322e353743"},
{"timestamp":"19:43:43","value":96.09,"type":"C","site":"Ben","ip_address":"106.169.214.180","_id":"31393a34333a34333130362e3136392e3231342e31383043"},
{"timestamp":"15:52:02","value":69.72,"type":"T","site":"Man","ip_address":"128.201.214.74","_id":"31353a35323a30323132382e3230312e3231342e373454"},
{"timestamp":"19:42:34","value":30.23,"type":"T","site":"Sca","ip_address":"230.219.77.243","_id":"31393a34323a33343233302e3231392e37372e32343354"},
{"timestamp":"8:01:48","value":59.02,"type":"H","site":"Bsf","ip_address":"120.126.59.3","_id":"383a30313a34383132302e3132362e35392e3348"},
{"timestamp":"4:19:44","value":69.5,"type":"T","site":"Bsf","ip_address":"198.97.6.145","_id":"343a31393a34343139382e39372e362e31343554"},
{"timestamp":"0:57:48","value":66.89,"type":"H","site":"Sca","ip_address":"49.127.27.18","_id":"303a35373a343834392e3132372e32372e313848"},
{"timestamp":"1:04:55","value":14.84,"type":"T","site":"Sca","ip_address":"82.235.184.202","_id":"313a30343a353538322e3233352e3138342e32303254"},
{"timestamp":"8:35:11","value":62.96,"type":"T","site":"Sca","ip_address":"254.72.111.195","_id":"383a33353a31313235342e37322e3131312e31393554"},
{"timestamp":"21:45:21","value":16.28,"type":"P","site":"Sca","ip_address":"83.193.162.131","_id":"32313a34353a323138332e3139332e3136322e31333150"},
{"timestamp":"13:07:22","value":75.07,"type":"P","site":"Sca","ip_address":"209.81.44.61","_id":"31333a30373a32323230392e38312e34342e363150"},
{"timestamp":"1:11:50","value":21.15,"type":"H","site":"Man","ip_address":"100.237.8.107","_id":"313a31313a35303130302e3233372e382e31303748"},
{"timestamp":"0:05:22","value":65.41,"type":"P","site":"Bsf","ip_address":"80.133.122.248","_id":"303a30353a323238302e3133332e3132322e32343850"},
{"timestamp":"10:15:00","value":9.04,"type":"H","site":"Man","ip_address":"82.23.95.190","_id":"31303a31353a303038322e32332e39352e31393048"},
{"timestamp":"20:43:34","value":26.17,"type":"C","site":"Bsf","ip_address":"28.187.69.168","_id":"32303a34333a333432382e3138372e36392e31363843"},
{"timestamp":"19:15:16","value":68.98,"type":"P","site":"Ben","ip_address":"212.228.202.52","_id":"31393a31353a31363231322e3232382e3230322e353250"},
{"timestamp":"5:42:45","value":69.52,"type":"H","site":"Bsf","ip_address":"132.254.150.194","_id":"353a34323a34353133322e3235342e3135302e31393448"},
{"timestamp":"23:24:34","value":57.79,"type":"T","site":"Bsf","ip_address":"239.133.176.96","_id":"32333a32343a33343233392e3133332e3137362e393654"},
{"timestamp":"18:53:02","value":4.09,"type":"C","site":"Bsf","ip_address":"103.242.183.19","_id":"31383a35333a30323130332e3234322e3138332e313943"},
{"timestamp":"6:25:40","value":17.92,"type":"P","site":"Bsf","ip_address":"20.66.64.163","_id":"363a32353a343032302e36362e36342e31363350"},
{"timestamp":"0:01:26","value":84.14,"type":"P","site":"Man","ip_address":"77.244.65.143","_id":"303a30313a323637372e3234342e36352e31343350"},
{"timestamp":"4:45:29","value":75.71,"type":"T","site":"Sca","ip_address":"204.103.243.210","_id":"343a34353a32393230342e3130332e3234332e32313054"},
{"timestamp":"11:15:08","value":51.75,"type":"T","site":"Sca","ip_address":"54.170.220.153","_id":"31313a31353a303835342e3137302e3232302e31353354"},
{"timestamp":"7:08:13","value":98.45,"type":"P","site":"Bsf","ip_address":"229.170.199.70","_id":"373a30383a31333232392e3137302e3139392e373050"},
{"timestamp":"12:29:19","value":68.9,"type":"C","site":"Bsf","ip_address":"209.222.94.3","_id":"31323a32393a31393230392e3232322e39342e3343"},
{"timestamp":"0:19:49","value":75.28,"type":"H","site":"Bsf","ip_address":"199.171.109.96","_id":"303a31393a34393139392e3137312e3130392e393648"},
{"timestamp":"2:09:40","value":30.4,"type":"P","site":"Bsf","ip_address":"207.3.69.116","_id":"323a30393a34303230372e332e36392e31313650"},
{"timestamp":"8:29:45","value":60.09,"type":"C","site":"Sca","ip_address":"76.173.32.62","_id":"383a32393a343537362e3137332e33322e363243"},
{"timestamp":"12:20:55","value":14.64,"type":"P","site":"Man","ip_address":"81.3.240.251","_id":"31323a32303a353538312e332e3234302e32353150"},
{"timestamp":"15:17:02","value":18.37,"type":"P","site":"Ben","ip_address":"252.112.44.217","_id":"31353a31373a30323235322e3131322e34342e32313750"},
{"timestamp":"17:34:39","value":60.46,"type":"C","site":"Ben","ip_address":"197.199.99.85","_id":"31373a33343a33393139372e3139392e39392e383543"},
{"timestamp":"9:47:24","value":44.12,"type":"P","site":"Ben","ip_address":"186.19.96.201","_id":"393a34373a32343138362e31392e39362e32303150"},
{"timestamp":"15:42:29","value":33.66,"type":"P","site":"Man","ip_address":"49.216.60.123","_id":"31353a34323a323934392e3231362e36302e31323350"},
{"timestamp":"7:24:56","value":45.8,"type":"P","site":"Sca","ip_address":"37.147.136.54","_id":"373a32343a353633372e3134372e3133362e353450"},
{"timestamp":"13:21:19","value":27.26,"type":"H","site":"Bsf","ip_address":"230.168.124.126","_id":"31333a32313a31393233302e3136382e3132342e31323648"},
{"timestamp":"5:17:33","value":65.03,"type":"P","site":"Bsf","ip_address":"77.205.113.206","_id":"353a31373a333337372e3230352e3131332e32303650"},
{"timestamp":"13:30:08","value":96.36,"type":"P","site":"Sca","ip_address":"121.131.9.151","_id":"31333a33303a30383132312e3133312e392e31353150"},
{"timestamp":"2:57:42","value":84.69,"type":"H","site":"Ben","ip_address":"52.206.103.64","_id":"323a35373a343235322e3230362e3130332e363448"},
{"timestamp":"5:49:42","value":80.8,"type":"C","site":"Sca","ip_address":"165.114.89.209","_id":"353a34393a34323136352e3131342e38392e32303943"},
{"timestamp":"21:16:26","value":47.97,"type":"H","site":"Sca","ip_address":"44.183.158.195","_id":"32313a31363a323634342e3138332e3135382e31393548"},
{"timestamp":"17:25:47","value":71.2,"type":"P","site":"Man","ip_address":"128.94.43.44","_id":"31373a32353a34373132382e39342e34332e343450"},
{"timestamp":"19:44:59","value":70.21,"type":"C","site":"Ben","ip_address":"20.70.14.7","_id":"31393a34343a353932302e37302e31342e3743"},
{"timestamp":"6:02:10","value":20.53,"type":"C","site":"Ben","ip_address":"211.91.139.69","_id":"363a30323a31303231312e39312e3133392e363943"},
{"timestamp":"5:07:56","value":29.27,"type":"P","site":"Ben","ip_address":"53.103.92.15","_id":"353a30373a353635332e3130332e39322e313550"},
{"timestamp":"17:44:30","value":58.9,"type":"H","site":"Man","ip_address":"6.215.42.188","_id":"31373a34343a3330362e3231352e34322e31383848"},
{"timestamp":"15:36:14","value":90.91,"type":"C","site":"Man","ip_address":"127.53.226.53","_id":"31353a33363a31343132372e35332e3232362e353343"},
{"timestamp":"19:50:06","value":19.29,"type":"H","site":"Man","ip_address":"84.23.148.65","_id":"31393a35303a303638342e32332e3134382e363548"},
{"timestamp":"4:55:00","value":94.91,"type":"P","site":"Ben","ip_address":"75.24.161.142","_id":"343a35353a303037352e32342e3136312e31343250"},
{"timestamp":"22:43:04","value":38.94,"type":"H","site":"Sca","ip_address":"49.60.220.145","_id":"32323a34333a303434392e36302e3232302e31343548"},
{"timestamp":"2:02:16","value":24.84,"type":"C","site":"Sca","ip_address":"155.132.137.141","_id":"323a30323a31363135352e3133322e3133372e31343143"},
{"timestamp":"12:28:43","value":47.76,"type":"C","site":"Ben","ip_address":"197.16.81.135","_id":"31323a32383a34333139372e31362e38312e31333543"},
{"timestamp":"13:29:32","value":2.05,"type":"P","site":"Sca","ip_address":"163.234.95.115","_id":"31333a32393a33323136332e3233342e39352e31313550"},
{"timestamp":"13:29:17","value":57.2,"type":"H","site":"Ben","ip_address":"53.168.153.8","_id":"31333a32393a313735332e3136382e3135332e3848"},
{"timestamp":"0:59:49","value":15.87,"type":"P","site":"Ben","ip_address":"228.41.226.126","_id":"303a35393a34393232382e34312e3232362e31323650"},
{"timestamp":"5:07:45","value":16.5,"type":"P","site":"Sca","ip_address":"48.123.146.71","_id":"353a30373a343534382e3132332e3134362e373150"},
{"timestamp":"0:03:26","value":54.54,"type":"P","site":"Sca","ip_address":"1.32.32.199","_id":"303a30333a3236312e33322e33322e31393950"},
{"timestamp":"10:34:25","value":93.78,"type":"P","site":"Bsf","ip_address":"147.85.89.204","_id":"31303a33343a32353134372e38352e38392e32303450"},
{"timestamp":"20:20:54","value":8.17,"type":"T","site":"Bsf","ip_address":"17.124.76.160","_id":"32303a32303a353431372e3132342e37362e31363054"},
{"timestamp":"21:58:56","value":84.92,"type":"P","site":"Man","ip_address":"86.139.210.1","_id":"32313a35383a353638362e3133392e3231302e3150"},
{"timestamp":"16:48:11","value":32.14,"type":"T","site":"Man","ip_address":"184.5.200.244","_id":"31363a34383a31313138342e352e3230302e32343454"},
{"timestamp":"4:40:54","value":15.52,"type":"P","site":"Man","ip_address":"12.241.112.246","_id":"343a34303a353431322e3234312e3131322e32343650"},
{"timestamp":"10:12:23","value":48.97,"type":"P","site":"Sca","ip_address":"227.18.160.230","_id":"31303a31323a32333232372e31382e3136302e32333050"},
{"timestamp":"12:27:28","value":61.58,"type":"H","site":"Bsf","ip_address":"191.83.135.98","_id":"31323a32373a32383139312e38332e3133352e393848"},
{"timestamp":"3:06:01","value":47.53,"type":"T","site":"Sca","ip_address":"251.186.182.133","_id":"333a30363a30313235312e3138362e3138322e31333354"},
{"timestamp":"13:57:45","value":61.41,"type":"C","site":"Sca","ip_address":"211.67.72.39","_id":"31333a35373a34353231312e36372e37322e333943"},
{"timestamp":"17:02:06","value":97.1,"type":"C","site":"Sca","ip_address":"226.56.107.80","_id":"31373a30323a30363232362e35362e3130372e383043"},
{"timestamp":"3:27:11","value":26.62,"type":"C","site":"Ben","ip_address":"8.53.97.180","_id":"333a32373a3131382e35332e39372e31383043"},
{"timestamp":"22:06:48","value":84.07,"type":"C","site":"Man","ip_address":"116.75.99.148","_id":"32323a30363a34383131362e37352e39392e31343843"},
{"timestamp":"17:22:49","value":8.4,"type":"C","site":"Sca","ip_address":"55.151.132.216","_id":"31373a32323a343935352e3135312e3133322e32313643"},
{"timestamp":"0:06:15","value":11.24,"type":"P","site":"Ben","ip_address":"242.219.49.148","_id":"303a30363a31353234322e3231392e34392e31343850"},
{"timestamp":"0:39:29","value":33.1,"type":"H","site":"Bsf","ip_address":"207.189.202.226","_id":"303a33393a32393230372e3138392e3230322e32323648"},
{"timestamp":"16:06:32","value":55.68,"type":"P","site":"Sca","ip_address":"206.43.8.221","_id":"31363a30363a33323230362e34332e382e32323150"},
{"timestamp":"10:37:41","value":23.35,"type":"P","site":"Ben","ip_address":"235.181.213.24","_id":"31303a33373a34313233352e3138312e3231332e323450"},
{"timestamp":"22:24:07","value":66.66,"type":"T","site":"Ben","ip_address":"94.103.209.234","_id":"32323a32343a303739342e3130332e3230392e32333454"},
{"timestamp":"6:13:43","value":89.89,"type":"P","site":"Ben","ip_address":"156.65.9.101","_id":"363a31333a34333135362e36352e392e31303150"},
{"timestamp":"13:37:29","value":98.4,"type":"H","site":"Sca","ip_address":"246.33.72.87","_id":"31333a33373a32393234362e33332e37322e383748"},
{"timestamp":"8:14:34","value":40.21,"type":"H","site":"Sca","ip_address":"174.181.135.174","_id":"383a31343a33343137342e3138312e3133352e31373448"},
{"timestamp":"16:52:05","value":23.31,"type":"T","site":"Bsf","ip_address":"130.36.92.235","_id":"31363a35323a30353133302e33362e39322e32333554"},
{"timestamp":"2:57:26","value":74.45,"type":"P","site":"Sca","ip_address":"66.191.52.215","_id":"323a35373a323636362e3139312e35322e32313550"},
{"timestamp":"13:21:10","value":17.03,"type":"C","site":"Man","ip_address":"245.71.55.178","_id":"31333a32313a31303234352e37312e35352e31373843"},
{"timestamp":"5:29:34","value":69.39,"type":"P","site":"Bsf","ip_address":"255.228.19.153","_id":"353a32393a33343235352e3232382e31392e31353350"},
{"timestamp":"5:59:38","value":89.26,"type":"T","site":"Man","ip_address":"56.57.172.8","_id":"353a35393a333835362e35372e3137322e3854"},
{"timestamp":"9:33:52","value":11.19,"type":"P","site":"Ben","ip_address":"201.80.36.116","_id":"393a33333a35323230312e38302e33362e31313650"},
{"timestamp":"4:56:14","value":99.55,"type":"C","site":"Sca","ip_address":"36.250.205.193","_id":"343a35363a313433362e3235302e3230352e31393343"},
{"timestamp":"15:03:56","value":31.51,"type":"P","site":"Bsf","ip_address":"105.186.121.77","_id":"31353a30333a35363130352e3138362e3132312e373750"},
{"timestamp":"9:10:03","value":59.04,"type":"P","site":"Bsf","ip_address":"189.225.56.38","_id":"393a31303a30333138392e3232352e35362e333850"},
{"timestamp":"15:16:03","value":89.32,"type":"P","site":"Bsf","ip_address":"126.153.191.253","_id":"31353a31363a30333132362e3135332e3139312e32353350"},
{"timestamp":"3:58:11","value":15.32,"type":"C","site":"Bsf","ip_address":"56.156.191.160","_id":"333a35383a313135362e3135362e3139312e31363043"},
{"timestamp":"15:40:15","value":92.17,"type":"T","site":"Sca","ip_address":"79.48.184.213","_id":"31353a34303a313537392e34382e3138342e32313354"},
{"timestamp":"11:30:01","value":76.87,"type":"C","site":"Man","ip_address":"198.143.177.147","_id":"31313a33303a30313139382e3134332e3137372e31343743"},
{"timestamp":"12:37:40","value":84.77,"type":"P","site":"Sca","ip_address":"240.248.83.27","_id":"31323a33373a34303234302e3234382e38332e323750"},
{"timestamp":"15:51:58","value":10.91,"type":"P","site":"Sca","ip_address":"251.67.250.48","_id":"31353a35313a35383235312e36372e3235302e343850"},
{"timestamp":"18:36:37","value":83.33,"type":"P","site":"Sca","ip_address":"3.3.177.57","_id":"31383a33363a3337332e332e3137372e353750"},
{"timestamp":"2:07:13","value":85.43,"type":"P","site":"Bsf","ip_address":"32.147.27.85","_id":"323a30373a313333322e3134372e32372e383550"},
{"timestamp":"17:06:00","value":84.92,"type":"P","site":"Sca","ip_address":"130.91.43.65","_id":"31373a30363a30303133302e39312e34332e363550"},
{"timestamp":"1:03:14","value":91.12,"type":"C","site":"Sca","ip_address":"40.79.75.60","_id":"313a30333a313434302e37392e37352e363043"},
{"timestamp":"6:20:52","value":45.55,"type":"H","site":"Bsf","ip_address":"22.108.118.47","_id":"363a32303a353232322e3130382e3131382e343748"},
{"timestamp":"17:33:50","value":41.2,"type":"H","site":"Bsf","ip_address":"48.50.53.81","_id":"31373a33333a353034382e35302e35332e383148"},
{"timestamp":"13:37:56","value":33.29,"type":"C","site":"Sca","ip_address":"104.144.148.94","_id":"31333a33373a35363130342e3134342e3134382e393443"},
{"timestamp":"4:56:22","value":7.54,"type":"C","site":"Man","ip_address":"113.29.118.140","_id":"343a35363a32323131332e32392e3131382e31343043"},
{"timestamp":"7:39:52","value":32.54,"type":"P","site":"Sca","ip_address":"221.238.49.118","_id":"373a33393a35323232312e3233382e34392e31313850"},
{"timestamp":"22:25:05","value":83.83,"type":"H","site":"Sca","ip_address":"165.78.110.156","_id":"32323a32353a30353136352e37382e3131302e31353648"},
{"timestamp":"5:53:40","value":82.9,"type":"H","site":"Ben","ip_address":"83.179.244.157","_id":"353a35333a343038332e3137392e3234342e31353748"},
{"timestamp":"4:56:32","value":18.51,"type":"P","site":"Sca","ip_address":"69.46.218.169","_id":"343a35363a333236392e34362e3231382e31363950"},
{"timestamp":"7:39:24","value":85.37,"type":"P","site":"Ben","ip_address":"25.110.134.6","_id":"373a33393a323432352e3131302e3133342e3650"},
{"timestamp":"21:03:57","value":16.3,"type":"P","site":"Man","ip_address":"70.55.117.107","_id":"32313a30333a353737302e35352e3131372e31303750"},
{"timestamp":"17:31:42","value":13.37,"type":"C","site":"Sca","ip_address":"37.117.140.221","_id":"31373a33313a343233372e3131372e3134302e32323143"},
{"timestamp":"9:10:39","value":4.64,"type":"C","site":"Sca","ip_address":"90.17.166.244","_id":"393a31303a333939302e31372e3136362e32343443"},
{"timestamp":"16:13:16","value":2.59,"type":"H","site":"Ben","ip_address":"181.18.65.82","_id":"31363a31333a31363138312e31382e36352e383248"},
{"timestamp":"5:37:41","value":62.96,"type":"C","site":"Sca","ip_address":"161.202.224.205","_id":"353a33373a34313136312e3230322e3232342e32303543"},
{"timestamp":"15:35:51","value":87.32,"type":"H","site":"Ben","ip_address":"158.145.50.30","_id":"31353a33353a35313135382e3134352e35302e333048"},
{"timestamp":"2:30:39","value":73.48,"type":"P","site":"Sca","ip_address":"151.77.146.128","_id":"323a33303a33393135312e37372e3134362e31323850"},
{"timestamp":"3:43:24","value":25.35,"type":"C","site":"Ben","ip_address":"201.145.230.58","_id":"333a34333a32343230312e3134352e3233302e353843"},
{"timestamp":"18:41:34","value":90.25,"type":"C","site":"Man","ip_address":"49.176.229.166","_id":"31383a34313a333434392e3137362e3232392e31363643"},
{"timestamp":"23:44:49","value":62.3,"type":"T","site":"Ben","ip_address":"90.181.212.166","_id":"32333a34343a343939302e3138312e3231322e31363654"},
{"timestamp":"10:45:22","value":17.5,"type":"C","site":"Sca","ip_address":"248.142.107.228","_id":"31303a34353a32323234382e3134322e3130372e32323843"},
{"timestamp":"5:19:41","value":2.61,"type":"T","site":"Man","ip_address":"233.251.206.112","_id":"353a31393a34313233332e3235312e3230362e31313254"},
{"timestamp":"15:16:38","value":7.22,"type":"P","site":"Bsf","ip_address":"109.167.247.94","_id":"31353a31363a33383130392e3136372e3234372e393450"},
{"timestamp":"14:07:21","value":8.76,"type":"T","site":"Man","ip_address":"29.88.235.178","_id":"31343a30373a323132392e38382e3233352e31373854"},
{"timestamp":"16:07:38","value":53.73,"type":"T","site":"Ben","ip_address":"92.246.222.161","_id":"31363a30373a333839322e3234362e3232322e31363154"},
{"timestamp":"15:27:03","value":41.22,"type":"H","site":"Man","ip_address":"228.116.17.4","_id":"31353a32373a30333232382e3131362e31372e3448"},
{"timestamp":"15:14:40","value":2.92,"type":"P","site":"Sca","ip_address":"235.0.189.148","_id":"31353a31343a34303233352e302e3138392e31343850"},
{"timestamp":"20:39:32","value":33.94,"type":"C","site":"Sca","ip_address":"188.249.201.64","_id":"32303a33393a33323138382e3234392e3230312e363443"},
{"timestamp":"5:33:04","value":18.75,"type":"P","site":"Sca","ip_address":"115.3.140.187","_id":"353a33333a30343131352e332e3134302e31383750"},
{"timestamp":"23:34:14","value":43.83,"type":"P","site":"Man","ip_address":"196.97.221.103","_id":"32333a33343a31343139362e39372e3232312e31303350"},
{"timestamp":"4:46:46","value":94.01,"type":"P","site":"Bsf","ip_address":"29.46.229.73","_id":"343a34363a343632392e34362e3232392e373350"},
{"timestamp":"4:45:37","value":88.0,"type":"C","site":"Ben","ip_address":"211.135.97.160","_id":"343a34353a33373231312e3133352e39372e31363043"},
{"timestamp":"19:13:52","value":13.02,"type":"H","site":"Sca","ip_address":"149.211.179.17","_id":"31393a31333a35323134392e3231312e3137392e313748"},
{"timestamp":"23:00:40","value":64.41,"type":"P","site":"Sca","ip_address":"138.110.102.74","_id":"32333a30303a34303133382e3131302e3130322e373450"},
{"timestamp":"23:19:10","value":71.54,"type":"P","site":"Bsf","ip_address":"237.28.177.123","_id":"32333a31393a31303233372e32382e3137372e31323350"},
{"timestamp":"17:44:11","value":73.69,"type":"H","site":"Sca","ip_address":"24.40.99.115","_id":"31373a34343a313132342e34302e39392e31313548"},
{"timestamp":"7:42:27","value":77.38,"type":"P","site":"Bsf","ip_address":"27.159.252.206","_id":"373a34323a323732372e3135392e3235322e32303650"},
{"timestamp":"22:10:35","value":92.64,"type":"P","site":"Ben","ip_address":"248.8.109.43","_id":"32323a31303a33353234382e382e3130392e343350"},
{"timestamp":"9:29:09","value":12.6,"type":"P","site":"Sca","ip_address":"252.186.69.177","_id":"393a32393a30393235322e3138362e36392e31373750"},
{"timestamp":"0:32:26","value":45.02,"type":"P","site":"Ben","ip_address":"90.141.93.8","_id":"303a33323a323639302e3134312e39332e3850"},
{"timestamp":"14:25:11","value":86.75,"type":"P","site":"Ben","ip_address":"161.117.179.198","_id":"31343a32353a31313136312e3131372e3137392e31393850"},
{"timestamp":"11:26:44","value":61.55,"type":"P","site":"Ben","ip_address":"29.231.55.175","_id":"31313a32363a343432392e3233312e35352e31373550"},
{"timestamp":"8:43:33","value":9.68,"type":"C","site":"Sca","ip_address":"129.55.114.135","_id":"383a34333a33333132392e35352e3131342e31333543"},
{"timestamp":"19:00:10","value":47.07,"type":"H","site":"Sca","ip_address":"58.187.153.169","_id":"31393a30303a313035382e3138372e3135332e31363948"},
{"timestamp":"11:52:05","value":64.1,"type":"P","site":"Ben","ip_address":"50.250.7.247","_id":"31313a35323a303535302e3235302e372e32343750"},
{"timestamp":"1:12:43","value":28.68,"type":"P","site":"Sca","ip_address":"86.198.210.50","_id":"313a31323a343338362e3139382e3231302e353050"},
{"timestamp":"21:14:42","value":41.58,"type":"P","site":"Man","ip_address":"117.71.48.210","_id":"32313a31343a34323131372e37312e34382e32313050"},
{"timestamp":"10:39:33","value":5.89,"type":"H","site":"Sca","ip_address":"65.197.40.55","_id":"31303a33393a333336352e3139372e34302e353548"},
{"timestamp":"7:14:13","value":39.64,"type":"T","site":"Bsf","ip_address":"167.193.15.205","_id":"373a31343a31333136372e3139332e31352e32303554"},
{"timestamp":"2:53:33","value":63.19,"type":"C","site":"Ben","ip_address":"238.208.215.16","_id":"323a35333a33333233382e3230382e3231352e313643"},
{"timestamp":"3:30:55","value":86.44,"type":"H","site":"Bsf","ip_address":"10.249.248.43","_id":"333a33303a353531302e3234392e3234382e343348"},
{"timestamp":"5:25:57","value":99.97,"type":"C","site":"Bsf","ip_address":"56.76.90.21","_id":"353a32353a353735362e37362e39302e323143"},
{"timestamp":"15:23:37","value":9.95,"type":"T","site":"Man","ip_address":"187.223.5.30","_id":"31353a32333a33373138372e3232332e352e333054"},
{"timestamp":"20:40:32","value":64.97,"type":"H","site":"Sca","ip_address":"150.209.159.68","_id":"32303a34303a33323135302e3230392e3135392e363848"},
{"timestamp":"13:24:39","value":99.78,"type":"H","site":"Bsf","ip_address":"211.38.205.186","_id":"31333a32343a33393231312e33382e3230352e31383648"},
{"timestamp":"0:05:51","value":51.04,"type":"T","site":"Man","ip_address":"252.155.95.216","_id":"303a30353a35313235322e3135352e39352e32313654"},
{"timestamp":"13:39:31","value":80.48,"type":"P","site":"Man","ip_address":"195.3.175.13","_id":"31333a33393a33313139352e332e3137352e313350"},
{"timestamp":"11:50:32","value":16.41,"type":"H","site":"Bsf","ip_address":"230.24.103.42","_id":"31313a35303a33323233302e32342e3130332e343248"},
{"timestamp":"11:15:43","value":63.56,"type":"H","site":"Ben","ip_address":"137.60.112.0","_id":"31313a31353a34333133372e36302e3131322e3048"},
{"timestamp":"1:25:34","value":35.99,"type":"P","site":"Sca","ip_address":"49.143.48.4","_id":"313a32353a333434392e3134332e34382e3450"},
{"timestamp":"5:05:44","value":40.41,"type":"T","site":"Bsf","ip_address":"6.117.161.142","_id":"353a30353a3434362e3131372e3136312e31343254"},
{"timestamp":"8:41:38","value":81.72,"type":"P","site":"Bsf","ip_address":"56.97.248.91","_id":"383a34313a333835362e39372e3234382e393150"},
{"timestamp":"19:04:32","value":73.0,"type":"P","site":"Sca","ip_address":"171.58.31.212","_id":"31393a30343a33323137312e35382e33312e32313250"},
{"timestamp":"20:19:55","value":39.0,"type":"P","site":"Sca","ip_address":"92.33.255.186","_id":"32303a31393a353539322e33332e3235352e31383650"},
{"timestamp":"10:33:55","value":74.07,"type":"P","site":"Bsf","ip_address":"47.210.236.89","_id":"31303a33333a353534372e3231302e3233362e383950"},
{"timestamp":"18:36:28","value":28.19,"type":"H","site":"Man","ip_address":"98.238.54.220","_id":"31383a33363a323839382e3233382e35342e32323048"},
{"timestamp":"1:48:43","value":14.77,"type":"H","site":"Bsf","ip_address":"183.49.91.135","_id":"313a34383a34333138332e34392e39312e31333548"},
{"timestamp":"7:12:37","value":14.82,"type":"T","site":"Bsf","ip_address":"206.252.108.65","_id":"373a31323a33373230362e3235322e3130382e363554"},
{"timestamp":"1:59:07","value":31.28,"type":"T","site":"Sca","ip_address":"141.89.179.70","_id":"313a35393a30373134312e38392e3137392e373054"},
{"timestamp":"13:16:45","value":68.37,"type":"P","site":"Ben","ip_address":"61.125.90.179","_id":"31333a31363a343536312e3132352e39302e31373950"},
{"timestamp":"20:21:35","value":86.17,"type":"H","site":"Man","ip_address":"47.230.171.115","_id":"32303a32313a333534372e3233302e3137312e31313548"},
{"timestamp":"13:28:37","value":80.41,"type":"H","site":"Sca","ip_address":"4.46.103.106","_id":"31333a32383a3337342e34362e3130332e31303648"},
{"timestamp":"11:30:38","value":7.7,"type":"C","site":"Ben","ip_address":"25.121.253.15","_id":"31313a33303a333832352e3132312e3235332e313543"},
{"timestamp":"21:32:40","value":72.43,"type":"T","site":"Ben","ip_address":"194.176.250.59","_id":"32313a33323a34303139342e3137362e3235302e353954"},
{"timestamp":"5:50:08","value":29.04,"type":"P","site":"Bsf","ip_address":"222.83.112.251","_id":"353a35303a30383232322e38332e3131322e32353150"},
{"timestamp":"15:44:38","value":21.27,"type":"C","site":"Sca","ip_address":"186.86.41.89","_id":"31353a34343a33383138362e38362e34312e383943"},
{"timestamp":"17:42:30","value":38.61,"type":"T","site":"Sca","ip_address":"146.182.179.222","_id":"31373a34323a33303134362e3138322e3137392e32323254"},
{"timestamp":"15:54:46","value":12.74,"type":"T","site":"Sca","ip_address":"55.74.44.178","_id":"31353a35343a343635352e37342e34342e31373854"},
{"timestamp":"5:59:04","value":51.35,"type":"H","site":"Bsf","ip_address":"248.30.110.49","_id":"353a35393a30343234382e33302e3131302e343948"},
{"timestamp":"3:29:26","value":80.63,"type":"P","site":"Ben","ip_address":"10.133.179.58","_id":"333a32393a323631302e3133332e3137392e353850"},
{"timestamp":"17:04:44","value":18.74,"type":"T","site":"Sca","ip_address":"100.86.85.170","_id":"31373a30343a34343130302e38362e38352e31373054"},
{"timestamp":"4:21:41","value":31.76,"type":"P","site":"Ben","ip_address":"224.158.130.15","_id":"343a32313a34313232342e3135382e3133302e313550"},
{"timestamp":"0:49:04","value":11.23,"type":"C","site":"Sca","ip_address":"69.203.170.168","_id":"303a34393a303436392e3230332e3137302e31363843"},
{"timestamp":"2:13:45","value":32.81,"type":"T","site":"Ben","ip_address":"133.111.207.50","_id":"323a31333a34353133332e3131312e3230372e353054"},
{"timestamp":"14:56:23","value":59.61,"type":"P","site":"Sca","ip_address":"254.123.150.246","_id":"31343a35363a32333235342e3132332e3135302e32343650"},
{"timestamp":"11:12:34","value":3.76,"type":"P","site":"Sca","ip_address":"7.203.14.77","_id":"31313a31323a3334372e3230332e31342e373750"},
{"timestamp":"6:43:39","value":29.53,"type":"P","site":"Sca","ip_address":"222.230.166.98","_id":"363a34333a33393232322e3233302e3136362e393850"},
{"timestamp":"20:37:18","value":30.5,"type":"P","site":"Man","ip_address":"252.253.111.208","_id":"32303a33373a31383235322e3235332e3131312e32303850"},
{"timestamp":"14:55:36","value":17.89,"type":"T","site":"Sca","ip_address":"51.106.163.146","_id":"31343a35353a333635312e3130362e3136332e31343654"},
{"timestamp":"10:38:46","value":86.27,"type":"P","site":"Sca","ip_address":"122.194.73.15","_id":"31303a33383a34363132322e3139342e37332e313550"},
{"timestamp":"13:18:07","value":37.76,"type":"P","site":"Sca","ip_address":"147.198.112.119","_id":"31333a31383a30373134372e3139382e3131322e31313950"},
{"timestamp":"14:55:51","value":18.26,"type":"T","site":"Man","ip_address":"56.63.87.223","_id":"31343a35353a353135362e36332e38372e32323354"},
{"timestamp":"6:54:20","value":43.82,"type":"P","site":"Sca","ip_address":"122.127.43.38","_id":"363a35343a32303132322e3132372e34332e333850"},
{"timestamp":"13:42:31","value":31.74,"type":"P","site":"Sca","ip_address":"11.186.125.186","_id":"31333a34323a333131312e3138362e3132352e31383650"},
{"timestamp":"19:35:53","value":91.56,"type":"C","site":"Man","ip_address":"155.170.35.198","_id":"31393a33353a35333135352e3137302e33352e31393843"},
{"timestamp":"21:23:41","value":10.44,"type":"T","site":"Man","ip_address":"34.122.17.166","_id":"32313a32333a343133342e3132322e31372e31363654"},
{"timestamp":"21:39:17","value":43.96,"type":"H","site":"Ben","ip_address":"201.109.54.23","_id":"32313a33393a31373230312e3130392e35342e323348"},
{"timestamp":"15:28:19","value":71.3,"type":"P","site":"Sca","ip_address":"79.177.188.144","_id":"31353a32383a313937392e3137372e3138382e31343450"},
{"timestamp":"3:23:09","value":86.84,"type":"C","site":"Bsf","ip_address":"138.173.239.148","_id":"333a32333a30393133382e3137332e3233392e31343843"},
{"timestamp":"17:55:28","value":91.71,"type":"C","site":"Ben","ip_address":"199.150.7.100","_id":"31373a35353a32383139392e3135302e372e31303043"},
{"timestamp":"20:41:52","value":17.84,"type":"T","site":"Sca","ip_address":"105.225.43.19","_id":"32303a34313a35323130352e3232352e34332e313954"},
{"timestamp":"2:55:54","value":67.17,"type":"P","site":"Man","ip_address":"138.237.106.160","_id":"323a35353a35343133382e3233372e3130362e31363050"},
{"timestamp":"2:17:08","value":32.89,"type":"C","site":"Bsf","ip_address":"202.92.200.234","_id":"323a31373a30383230322e39322e3230302e32333443"},
{"timestamp":"7:26:50","value":75.48,"type":"P","site":"Ben","ip_address":"76.15.30.157","_id":"373a32363a353037362e31352e33302e31353750"},
{"timestamp":"6:47:22","value":47.12,"type":"H","site":"Man","ip_address":"138.155.208.211","_id":"363a34373a32323133382e3135352e3230382e32313148"},
{"timestamp":"5:29:30","value":6.83,"type":"C","site":"Sca","ip_address":"179.0.82.18","_id":"353a32393a33303137392e302e38322e313843"},
{"timestamp":"6:45:40","value":65.41,"type":"H","site":"Sca","ip_address":"21.165.106.128","_id":"363a34353a343032312e3136352e3130362e31323848"},
{"timestamp":"11:19:32","value":74.72,"type":"T","site":"Sca","ip_address":"173.183.151.190","_id":"31313a31393a33323137332e3138332e3135312e31393054"},
{"timestamp":"16:43:40","value":35.01,"type":"T","site":"Man","ip_address":"81.212.111.126","_id":"31363a34333a343038312e3231322e3131312e31323654"},
{"timestamp":"17:31:43","value":1.88,"type":"C","site":"Ben","ip_address":"51.106.83.229","_id":"31373a33313a343335312e3130362e38332e32323943"},
{"timestamp":"13:09:16","value":1.29,"type":"C","site":"Ben","ip_address":"120.33.104.14","_id":"31333a30393a31363132302e33332e3130342e313443"},
{"timestamp":"17:32:11","value":84.16,"type":"C","site":"Man","ip_address":"229.118.50.31","_id":"31373a33323a31313232392e3131382e35302e333143"},
{"timestamp":"0:56:06","value":20.55,"type":"P","site":"Sca","ip_address":"61.217.71.1","_id":"303a35363a303636312e3231372e37312e3150"},
{"timestamp":"1:48:19","value":32.55,"type":"H","site":"Sca","ip_address":"37.44.112.53","_id":"313a34383a313933372e34342e3131322e353348"},
{"timestamp":"4:53:38","value":30.31,"type":"C","site":"Man","ip_address":"226.23.70.209","_id":"343a35333a33383232362e32332e37302e32303943"},
{"timestamp":"4:27:08","value":74.22,"type":"P","site":"Man","ip_address":"162.125.209.237","_id":"343a32373a30383136322e3132352e3230392e32333750"},
{"timestamp":"20:33:47","value":80.11,"type":"T","site":"Ben","ip_address":"110.126.67.167","_id":"32303a33333a34373131302e3132362e36372e31363754"},
{"timestamp":"23:52:51","value":48.92,"type":"H","site":"Man","ip_address":"103.86.83.243","_id":"32333a35323a35313130332e38362e38332e32343348"},
{"timestamp":"13:51:29","value":96.26,"type":"P","site":"Man","ip_address":"86.41.247.132","_id":"31333a35313a323938362e34312e3234372e31333250"},
{"timestamp":"14:05:20","value":84.05,"type":"H","site":"Sca","ip_address":"182.1.146.188","_id":"31343a30353a32303138322e312e3134362e31383848"},
{"timestamp":"18:05:57","value":64.28,"type":"T","site":"Bsf","ip_address":"115.223.75.99","_id":"31383a30353a35373131352e3232332e37352e393954"},
{"timestamp":"10:51:41","value":81.9,"type":"P","site":"Bsf","ip_address":"51.191.184.108","_id":"31303a35313a343135312e3139312e3138342e31303850"},
{"timestamp":"7:58:45","value":73.84,"type":"C","site":"Man","ip_address":"2.193.138.232","_id":"373a35383a3435322e3139332e3133382e32333243"},
{"timestamp":"4:00:44","value":14.85,"type":"P","site":"Sca","ip_address":"198.174.145.49","_id":"343a30303a34343139382e3137342e3134352e343950"},
{"timestamp":"19:31:51","value":62.67,"type":"H","site":"Man","ip_address":"180.199.165.229","_id":"31393a33313a35313138302e3139392e3136352e32323948"},
{"timestamp":"18:37:43","value":56.88,"type":"P","site":"Bsf","ip_address":"4.116.199.211","_id":"31383a33373a3433342e3131362e3139392e32313150"},
{"timestamp":"13:35:11","value":3.3,"type":"T","site":"Sca","ip_address":"248.38.182.4","_id":"31333a33353a31313234382e33382e3138322e3454"},
{"timestamp":"1:23:14","value":41.06,"type":"P","site":"Bsf","ip_address":"55.165.205.2","_id":"313a32333a313435352e3136352e3230352e3250"},
{"timestamp":"5:05:20","value":92.87,"type":"H","site":"Sca","ip_address":"124.2.106.137","_id":"353a30353a32303132342e322e3130362e31333748"},
{"timestamp":"8:31:08","value":4.61,"type":"C","site":"Ben","ip_address":"227.210.244.33","_id":"383a33313a30383232372e3231302e3234342e333343"},
{"timestamp":"2:32:13","value":14.62,"type":"T","site":"Sca","ip_address":"229.46.84.147","_id":"323a33323a31333232392e34362e38342e31343754"},
{"timestamp":"13:43:11","value":78.19,"type":"P","site":"Sca","ip_address":"53.68.29.48","_id":"31333a34333a313135332e36382e32392e343850"},
{"timestamp":"1:25:48","value":85.65,"type":"P","site":"Man","ip_address":"110.238.59.135","_id":"313a32353a34383131302e3233382e35392e31333550"},
{"timestamp":"13:33:39","value":76.05,"type":"T","site":"Ben","ip_address":"208.129.27.52","_id":"31333a33333a33393230382e3132392e32372e353254"},
{"timestamp":"22:38:12","value":26.39,"type":"P","site":"Sca","ip_address":"67.10.37.226","_id":"32323a33383a313236372e31302e33372e32323650"},
{"timestamp":"13:12:12","value":23.93,"type":"P","site":"Sca","ip_address":"94.96.67.84","_id":"31333a31323a313239342e39362e36372e383450"},
{"timestamp":"2:29:12","value":13.47,"type":"H","site":"Sca","ip_address":"186.78.145.188","_id":"323a32393a31323138362e37382e3134352e31383848"},
{"timestamp":"17:16:28","value":18.52,"type":"C","site":"Man","ip_address":"219.154.82.252","_id":"31373a31363a32383231392e3135342e38322e32353243"},
{"timestamp":"23:37:02","value":30.36,"type":"T","site":"Sca","ip_address":"225.244.211.44","_id":"32333a33373a30323232352e3234342e3231312e343454"},
